3092 4967
562 448 722 506 conlatio
745 450 778 505 x.

647 1050 693 1137 11.

153 1272 412 1373 conludio
451 1273 689 1373 ussulrls
727 1274 893 1375 lsllo
932 1274 1197 1377 SECVNDA.

483 1498 545 1564 00
577 1495 856 1565 perurerer.

546 1720 796 1807 oderrvun.

103 1909 114 1949 ⁶
220 1898 246 1963 Ι.
269 1897 478 1965 Prooemium

205 2000 247 2067 II.
270 2000 318 2066 De
348 1999 570 2067 eonsuetudiue
602 2018 681 2084 quae
712 2019 806 2085 super
838 2000 1066 2085 significatione
1097 2002 1237 2073 Pesehue

272 2104 356 2169 intra
377 2104 514 2187 Aegypti
535 2104 727 2187 prouinciam
753 2108 938 2171 retentetur.

187 2207 246 2273 111.
268 2209 316 2275 De
337 2206 454 2273 abbate
473 2207 641 2289 Serapione
658 2212 690 2275 et
704 2207 1100 2291 Anthropomerphiterum
1115 2210 1236 2279 haered

270 2329 366 2395 quem
388 2310 606 2395 simplicitatis
627 2330 729 2379 errore
750 2313 917 2379 contraxit.

96 2423 116 2464 ¹⁰
173 2414 247 2483 IIII.
268 2414 317 2482 De
344 2415 447 2481 reditu
478 2417 584 2481 nostro
612 2416 650 2481 ad
679 2416 826 2482 abbatem
860 2416 947 2483 Isaeo
975 2418 1006 2480 et
1036 2414 1235 2500 inquisitione

271 2520 387 2586 erroris
410 2538 503 2602 quem
524 2538 616 2587 senex
643 2522 820 2603 praedietus
842 2520 984 2587 ineurrit.

209 2622 248 2690 V.
270 2622 439 2709 Responsio
460 2626 498 2691 de
513 2624 632 2708 ungine
649 2625 814 2692 haereseos
829 2624 971 2708 superius
991 2622 1236 2708 conprehensae.

192 2725 247 2792 VI.
269 2725 391 2807 Quibus
428 2747 465 2793 ex
497 2729 601 2794 eaesis
634 2727 802 2813 uniruique
840 2728 984 2794 nostrum
1019 2730 1074 2795 eut
1106 2726 1236 2795 humilis

271 2829 418 2897 Christus
439 2831 527 2897 Iesus
549 2832 605 2897 aut
626 2832 820 2917 glorificatus
841 2834 998 2918 apparent.

96 2943 116 2983 ¹⁶
182 2931 309 2999 1111.Ιο
338 2952 399 3017 que
427 2936 531 3001 000100
552 2934 626 3001 finis
648 2953 705 3001 sou
731 2934 871 3019 perfecta
894 2935 1053 3001 beatitudo
1076 2934 1236 3001 musistat.

167 3032 251 3103 VIIL
273 3038 482 3123 iuterrogatio
510 3056 602 3122 super
630 3038 805 3105 eruditione
832 3038 1039 3123 perfeetionis,
1063 3056 1119 3123 per
1141 3054 1237 3121 quem

271 3140 427 3223 possimus
450 3144 490 3207 ed
511 3142 695 3227 perpetuam
717 3142 767 3207 dei
790 3140 973 3208 memoriam
995 3140 1167 3226 peruenire.

150 3238 247 3308 VIIII.
271 3243 438 3327 Responsio
461 3245 500 3310 de
522 3244 664 3311 effioaeia
678 3246 857 3311 intellectus
873 3244 926 3329 qni
942 3262 996 3328 per
1012 3240 1237 3327 experientiam

271 3348 440 3432 colligitur.

165 3531 259 3603 Ineipit
276 3533 395 3589 eiusdem
413 3535 484 3589 senis
508 3534 623 3589 seeundo
641 3532 673 3589 de
690 3535 819 3590 oratione.
843 3536 928 3589 Amen
952 3533 974 3591 0
1009 3532 1110 3603 iuoipit
1131 3530 1238 3587 oollstio

122 3617 222 3673 0000010
242 3620 361 3675 einedem
385 3621 456 3675 senis
478 3620 512 3675 de
534 3620 653 3675 oratioue
675 3621 703 3675 P
734 3620 837 3691 Iuoipit
859 3619 976 3675 eiusdem
1000 3618 1039 3673 rei
1062 3617 1179 3673 conlatio
1198 3632 1238 3672 se-

122 3702 198 3757 euudn
217 3704 246 3760 X
280 3706 353 3762 Item
376 3706 526 3776 (Incipiunt
548 3706 589 3761 D:
617 3722 667 3762 eoru
691 3708 728 3773 P)
752 3708 869 3777 capitula
892 3706 924 3762 de
946 3704 1061 3762 secunda
1083 3704 1238 3759 enulaeioue

122 3789 229 3853 10001001·
254 3792 281 3847 D
310 3792 452 3848 pollutione
475 3793 513 3863 P)
539 3792 658 3849 eiusdem
681 3794 752 3848 senis
777 3792 905 3861 (eiusdem
913 3830 990 3847 .....
1004 3792 1040 3859 V)
1066 3790 1158 3847 VDP:
1187 3806 1237 3847 ors.

122 3890 149 3947 X
178 3882 239 3967 Inep
255 3898 376 3969 capitula
396 3897 419 3954 0
521 3897 703 3967 bproemium
720 3897 784 3952 DX
811 3897 940 3967 premium
962 3897 986 3955 0
1013 3896 1179 3967 prohemium
1197 3895 1239 3952 Pr

123 3979 151 4033 10
169 3980 370 4040 1700001010οπ
393 3984 511 4039 cannot
614 3982 785 4054 60000000]
810 3984 1008 4038 eunuersatione
1032 3982 1062 4038 P
1160 3996 1238 4052 pesee

125 4062 145 4119 0
236 4068 440 4140 'lprouiutiaru
463 4068 493 4125 X
596 4072 766 4126 retentantur
788 4069 819 4124 D
921 4068 1117 4139 Bserephioue
1139 4068 1170 4123 X

124 4151 317 4223 mtuepomerl.
334 4154 390 4211 VX
413 4156 604 4227 antropomort.
621 4155 678 4211 DP
703 4155 874 4225 stropemerl.
897 4154 920 4211 0
1014 4155 1102 4224 heris·
1119 4156 1141 4221 (i
1157 4158 1238 4221 erar.)

125 4234 151 4288 D
227 4240 311 4296 1000001
333 4242 384 4298 ΟΡ
477 4243 510 4296 10
527 4244 555 4296 01
572 4240 649 4297 (100
741 4242 771 4296 11
792 4256 872 4311 quam
890 4241 919 4296 D
1011 4240 1145 4311 prediatus
1163 4254 1238 4295 senes

128 4319 148 4375 0
239 4326 270 4381 12
290 4326 410 4383 hereseos
429 4327 543 4384 DOPX
645 4328 678 4383 13
699 4328 815 4382 humiles
833 4327 873 4382 11ι
978 4324 1237 4382 intermanentes

128 4403 148 4460 0
239 4412 269 4466 15
287 4412 354 4468 fines
370 4413 401 4469 D
505 4415 538 4469 18
556 4414 613 4484 qni]
632 4428 658 4483 q3
676 4412 715 4468 1>¹
