3092 4967
497 466 656 525 Curiatio
677 468 710 533 v,
727 467 839 525 aa-ao.
1173 471 1235 537 149
1292 498 1294 501 ·

110 673 185 721 cum
216 657 591 727 autem'inmuudus
621 658 791 741 spiritus
820 657 966 723 exierit
991 658 1037 723 ab
1059 658 1234 739 homine,

110 760 280 827 ambulat
309 780 374 843 per
403 763 487 827 looa
516 761 629 829 arida
658 777 849 845 quaerens
878 764 1069 845 requiam,
1099 766 1137 827 ot
1160 780 1236 827 nou

109 862 273 929 inuenit.
307 868 401 930 tuuc
424 864 541 933 dicit:
563 868 747 930 reuertar
768 864 808 929 in
831 864 982 929 domum
997 862 1234 931 meamuudo

108 968 222 1033 ouini:
246 969 286 1033 et
308 969 470 1033 uouious
492 967 648 1034 inuenit
671 968 895 1047 uacantom,
912 967 1048 1051 scopis
1071 966 1233 1033 munda-

89 1073 181 1135 atam
203 1072 243 1136 ot
265 1075 461 1137 ornatam:
484 1074 578 1138 tunc
598 1071 712 1138 uadit
732 1072 773 1137 et
794 1072 971 1137 adsumit
993 1071 1093 1138 alios
1116 1072 1232 1154 spiri·

108 1177 164 1239 tus
183 1175 336 1257 septem
358 1176 568 1259 nequiores
591 1192 649 1252 se,
666 1174 924 1241 etiutrantos
947 1173 1136 1241 habitant
1159 1174 1232 1241 ibi:

107 1280 141 1343 ot
168 1277 278 1344 fiunt
307 1279 534 1345 nouissima
566 1277 736 1343 hominis
769 1278 886 1344 illius
919 1277 1056 1361 peiora
1088 1280 1232 1361 priori-

107 1383 181 1447 bus.
221 1398 291 1447 ecoo
311 1384 349 1447 ut
369 1381 416 1448 ibi
438 1385 557 1463 septem
579 1384 688 1463 gentes
703 1380 838 1465 legimus
860 1385 987 1465 excepta
1002 1380 1230 1465 Aegyptiorum

106 1486 140 1551 do
166 1503 229 1567 qua
256 1486 373 1569 egressi
394 1485 519 1552 haaraut
538 1484 599 1551 filii
621 1484 750 1564 Israhel,
774 1486 821 1550 ita
842 1487 875 1549 et
897 1483 949 1549 hic
971 1484 1092 1566 septem
1115 1484 1230 1551 reuerti

78 1587 234 1668 suspiritus
266 1588 415 1655 dicuutur
441 1588 585 1654 inmundi
615 1591 743 1670 oxcbpto
771 1606 808 1653 eo
838 1587 892 1669 qui
922 1589 960 1653 ab
991 1586 1115 1653 homino
1142 1587 1229 1669 prius

107 1694 247 1756 narratur
268 1708 421 1773 masos.
455 1690 492 1755 de
515 1690 574 1755 hoc
595 1689 770 1774 septenario
793 1690 901 1755 fomite
915 1690 1067 1755 uitiorum
1082 1689 1261 1765 salomona

108 1811 222 1876 quoque
236 1794 272 1859 in
286 1792 464 1859 Prouorbiis
478 1794 526 1859 ita
539 1793 702 1861 describit:
718 1794 751 1860 si
772 1796 809 1858 te
824 1794 1023 1876 rogaucrit
1041 1792 1229 1861 inimicus

106 1916 191 1964 uoce
220 1915 374 1980 magua,
406 1917 451 1963 ne
485 1897 735 1963 consenseris
765 1900 815 1963 ei:
847 1898 999 1979 septem
1032 1896 1137 1962 enim
1167 1916 1229 1963 ne-

107 2001 258 2082 quitiae
285 2002 381 2067 sunt
408 2002 448 2066 iu
475 1999 607 2066 anima
623 2002 723 2066 eius:
746 1999 779 2066 id
802 2000 851 2065 est
872 1999 900 2065 si
923 2000 1087 2082 superatus
1109 1999 1227 2085 gastri-

77 2105 238 2187 amargiao
259 2105 389 2187 spiritus
410 2104 547 2184 cooperit
569 2102 629 2167 tibi
641 2120 699 2168 sua
713 2098 934 2167 humiliatione
951 2100 1096 2181 blandiri,
1112 2118 1225 2184 rogans

106 2209 324 2290 quodammodo
351 2208 388 2271 ut
417 2205 537 2288 aliquid
564 2206 705 2271 relaxans
733 2221 753 2268 a
782 2208 889 2287 coepto
923 2203 1042 2271 feruore
1075 2205 1226 2287 inpertias

106 2311 233 2394 siquod
255 2309 465 2376 continentias
484 2306 615 2375 modum
637 2312 669 2374 et
692 2326 869 2375 mensuram
892 2308 994 2373 iustae
1020 2307 1226 2373 districtionis

106 2418 236 2492 excedat,
259 2432 298 2479 ne
319 2414 485 2479 rasoluaris
501 2411 570 2477 eius
584 2411 778 2477 subiectione
793 2428 850 2476 nec
864 2410 1026 2478 adridente
1041 2411 1226 2495 inpugnati-

105 2518 168 2583 ouis
195 2518 374 2599 securitate,
404 2534 467 2597 qua
494 2515 608 2581 uideris
639 2514 796 2597 paulisper
818 2535 837 2581 a
859 2514 1036 2581 carnalibus
1058 2514 1224 2582 incautioris

75 2620 200 2685 adtactus
221 2620 363 2701 quietior,
386 2618 426 2683 ad
448 2616 615 2700 pristinam
636 2615 851 2683 remissionem
866 2617 917 2681 uel
933 2617 1117 2700 praeteritas
1133 2618 1224 2703 gulae

105 2724 362 2806 concupiscentias
396 2721 574 2787 reuertaris.
611 2739 666 2804 per
701 2719 760 2785 hoc
788 2721 872 2786 enim
903 2721 980 2787 dicit
1013 2720 1144 2804 spiritus
1170 2721 1225 2787 ills

104 2845 192 2908 quem
220 2828 351 2892 uiceras:
382 2825 563 2889 reuertar
592 2823 631 2887 in
654 2824 806 2888 domum
829 2842 950 2888 meam
973 2823 1074 2889 undo
1097 2824 1223 2901 eriui,

105 2932 134 2993 et
153 2930 351 3012 procedentes
374 2947 410 2992 eu
433 2946 468 2993 eo
491 2927 657 2993 confestim
684 2930 806 3011 septem
822 2926 950 3009 spiritus
966 2927 1116 2993 uitiorum
1132 2931 1224 2992 erunt

103 3032 160 3098 tibi
174 3032 305 3099 acriores
320 3050 414 3115 quam
430 3032 487 3098 illa
501 3030 605 3115 passio
621 3048 698 3113 quae
712 3030 745 3094 in
757 3029 936 3113 primordiis
952 3030 1054 3095 fuerat
1066 3033 1221 3113 superata,

73 3136 156 3219 oqui
176 3136 205 3202 to
227 3156 298 3203 mor
322 3136 362 3201 ad
385 3136 539 3200 deteriora
561 3132 743 3218 pertrahent
764 3150 877 3215 genera
898 3134 1104 3215 peccatorum.

142 3256 253 3325 XXVI.
269 3256 464 3341 Quapropter
479 3255 603 3321 ieiuniis
619 3256 651 3318 et
671 3254 879 3319 continentiae
896 3252 1116 3319 incubantibus
1132 3252 1221 3319 nobis

103 3358 307 3428 iastmandum
329 3362 387 3443 ost,
410 3363 448 3423 ut
467 3359 560 3443 gulae
584 3356 729 3440 passione
750 3358 895 3441 superata
919 3355 1060 3439 protinus
1082 3355 1222 3421 animam

199 3574 212 3625 1
230 3572 281 3626 llo.
300 3571 343 3636 12,
360 3570 464 3625 43-45
569 3570 602 3623 12
619 3570 696 3624 Prov.
714 3569 756 3633 26,
775 3569 810 3623 25
828 3568 921 3637 (LXX)

153 3768 275 3823 larieret
298 3766 346 3823 W¹
449 3766 524 3835 3in]
541 3765 621 3822 adO
719 3765 861 3819 tinuerit
878 3780 934 3821 eam
957 3766 993 3823 W
1092 3766 1222 3823 tornata

101 3868 142 3923 n¹
236 3871 387 3941 cumpro
407 3870 435 3925 r
460 3870 583 3927 suamc
604 3871 642 3926 W
669 3852 834 3925 msimrao
936 3868 1041 3925 suarna
1063 3870 1100 3927 W
1126 3870 1176 3925 issi
1199 3870 1227 3925 r

101 3972 160 4026 nx
183 3959 237 4030 uhi
263 3976 287 4031 o
312 3980 344 4030 aa
366 3974 433 4030 sors
536 3973 742 4043 11soptinario
773 3973 826 4029 ss>
927 3973 1045 4029 solomon
1075 3972 1151 4030 rw*

103 4061 136 4112 10
152 4058 297 4117 chouno
393 4060 426 4115 15
442 4059 564 4115 blaudira
580 4059 665 4114 D¹X¹
759 4061 794 4114 10
811 4058 977 4129 quodamodo
994 4059 1033 4113 W
1123 4059 1221 4130 aliquit

105 4143 130 4199 0
216 4150 323 4218 accepto
345 4146 393 4201 W¹
492 4147 525 4201 17
543 4145 712 4201 discretionis
733 4146 788 4201 ΟΧ
887 4146 922 4200 00
938 4145 1092 4215 praeteritis
1113 4146 1153 4203 W

103 4229 173 4297 guile
189 4232 349 4303 Omnia)
434 4233 467 4287 21
487 4233 699 4303 oncupiscentia
716 4232 745 4286 D
775 4232 996 4302 concupiscentiis
1012 4232 1063 4287 W²
1147 4232 1218 4287 dicet

106 4314 168 4370 170
260 4320 295 4373 24
314 4322 438 4388 separata
459 4318 523 4375 V²0
624 4317 894 4388 aspernamenta
993 4318 1028 4371 00
1046 4318 1219 4373 continentiis

103 4398 144 4453 D¹
234 4405 389 4459 incubantes
408 4420 442 4459 cc
458 4404 611 4459 incubantis
627 4403 657 4459 D
