3092 4967
538 460 697 519 conlatio
715 461 738 529 1,
756 462 867 521 10—1t
1226 467 1266 533 19

139 672 198 720 nos.
227 653 309 721 seire
340 651 393 720 ubi
422 654 545 719 nostroe
574 651 689 721 mentis
719 652 925 719 intentionem
954 652 1121 721 debeamus
1153 653 1268 722 babere

139 756 273 823 defixam
303 758 336 823 et
366 754 404 821 ed
434 771 528 837 quam
561 754 806 823 destinationem
839 774 962 840 semum
990 756 1112 827 animae
1142 762 1267 827 nostroe

137 878 318 927 resonemus
332 858 499 928 intuitum:
514 876 608 941 quam
624 876 697 927 aum
712 858 850 942 potuerit
865 859 1007 927 obtinere
1019 879 1121 942 mens,
1130 863 1268 946 gaudeat

137 968 298 1047 utaque.
325 963 507 1035 morsuum
529 979 562 1027 se
584 962 690 1032 doteet
717 966 811 1046 atque
832 964 968 1048 suspiret
995 964 1171 1049 totiensque
1192 983 1267 1031 soa

114 1084 260 1133 osummo
296 1065 376 1134 bono
409 1065 524 1133 sentiet
556 1066 731 1147 rseoidisee„
765 1067 909 1151 quotiens
936 1087 970 1137 ee
996 1071 1035 1137 tb
1062 1068 1119 1137 illo
1143 1069 1266 1137 intuitu

136 1170 376 1255 deprehenderit
397 1170 583 1253 separatam,
604 1170 843 1243 fornicationem
864 1173 1004 1241 indioono
1023 1176 1075 1240 uel
1088 1175 1265 1243 momenta·

135 1293 231 1341 neum
253 1293 273 1340 a
295 1273 413 1341 obusti
435 1274 696 1358 contemplatione
723 1275 903 1345 discessum·
940 1293 1040 1360 aquo
1056 1294 1135 1345 ,oum
1156 1276 1295 1345 denia-2

135 1379 218 1445 uertt
246 1376 410 1461 paululum
439 1378 545 1443 noster
575 1376 713 1457 obtutus,
740 1396 847 1447 rursus
876 1379 916 1445 ad
941 1396 1016 1447 eum
1036 1381 1137 1447 eordis
1158 1380 1265 1447 oeulos

136 1482 351 1565 retorquentes
379 1480 467 1550 uelut
495 1480 676 1558 roodseims·
701 1480 930 1551 lineamentis
951 1483 1050 1555 aoiem
1071 1500 1264 1551 reuooemus

49 1584 55 1591 '
104 1586 239 1651 nototum
262 1602 398 1668 namque
421 1585 454 1649 in
474 1584 597 1651 animae
619 1583 761 1651 oonsistit
783 1602 918 1666 reeossu,
939 1586 1022 1655 unde
1044 1587 1173 1672 expulso
1195 1587 1264 1655 dia·

136 1686 206 1755 bolo
230 1706 267 1755 ao
288 1706 484 1772 nequequam
509 1689 543 1753 iu
565 1707 601 1755 oa
623 1688 687 1755 iam
709 1690 912 1773 regnantibus
935 1690 1024 1757 uitiis
1044 1696 1265 1775 oonsequouter

136 1808 266 1876 regnum
297 1791 348 1859 dei
376 1790 525 1859 fundatur
547 1792 580 1859 in
602 1792 692 1860 nobis
721 1792 846 1869 dioente
870 1794 1079 1879 euangelista:
1102 1815 1264 1881 regnum

138 1896 198 1961 dei
231 1914 308 1963 non
341 1896 479 1963 ueniet
511 1914 595 1965 num
623 1895 924 1979 obseruatione,
958 1916 1081 1982 neque
1107 1900 1263 1967 dioeut:

137 2016 221 2065 eote
251 1998 315 2067 hio
344 2001 413 2068 aut
441 2016 534 2067 eooe
565 1999 659 2069 illio
685 2002 761 2067 eet:
786 2019 895 2069 amen
917 2002 1022 2069 euim
1043 2002 1132 2071 dieo
1151 2003 1265 2071 uobis

103 2106 227 2187 „quia
258 2121 416 2188 reguum
447 2104 512 2171 dei
539 2106 647 2173 intre
674 2123 745 2173 uos
767 2109 840 2173 est.
875 2105 961 2173 iutra
988 2124 1045 2173 uos
1076 2124 1150 2173 uero
1182 2106 1263 2173 nituit

137 2206 220 2273 aliud
244 2224 313 2273 sese
332 2209 434 2291 potest
456 2226 550 2291 quam
572 2208 706 2277 seientia
727 2213 783 2276 sut
810 2208 964 2292 ignoratio
987 2209 1131 2279 ueritatis
1157 2215 1191 2275 et
1211 2213 1263 2277 uei

139 2311 285 2378 uitiorum
323 2312 466 2379 amititia
498 2313 551 2378 uel
583 2314 749 2397 uirtutum,
782 2332 838 2397 per
864 2332 943 2396 quse
973 2316 1030 2379 aut
1057 2312 1181 2379 diabolo
1207 2318 1264 2381 aut

138 2412 263 2481 Christo
285 2434 419 2501 regumn
445 2434 591 2498 paramus
618 2416 652 2481 in
681 2416 780 2483 eorde.
815 2419 904 2484 ouius
932 2418 1026 2483 edam
1050 2418 1140 2501 regni
1162 2416 1294 2499 quali-3

138 2520 234 2583 tatem
259 2518 407 2585 describit
429 2518 586 2601 apostolus
600 2520 646 2587 ita
660 2517 780 2585 diosus:
802 2520 1001 2587 non-enim
1022 2536 1185 2603 regnum
1201 2520 1262 2585 dei

104 2628 196 2692 nest
226 2639 318 2689 esea
346 2624 385 2689 et
412 2625 547 2706 potus,
578 2623 645 2688 sed
667 2622 835 2689 institia
857 2625 895 2688 et
915 2641 988 2707 pax
1011 2625 1049 2688 et
1070 2624 1264 2705 gaudium

137 2726 176 2791 iu
204 2726 361 2809 spiritu
388 2726 536 2792 saneto.
573 2726 678 2809 itaquo
700 2725 727 2791 si
748 2744 880 2811 regnum
902 2725 953 2792 dei
974 2725 1061 2793 intra
1082 2744 1140 2793 uos
1161 2730 1208 2793 est
1232 2734 1263 2794 ot

138 2830 238 2913 ipsum
268 2848 403 2915 regnum
433 2829 483 2895 dei
512 2828 636 2896 iustitia
664 2832 697 2895 et
718 2848 778 2913 psn
798 2829 831 2895 et
852 2829 1001 2912 gaudium
1025 2834 1082 2909 est,
1112 2848 1186 2914 ergo
1209 2832 1263 2913 qni

138 2932 262 3001 inistis
286 2938 495 2999 oommoratnr
516 2935 583 2999 sino
607 2934 700 2999 dnbio
723 2934 755 2999 iu
777 2935 936 3017 regnodei
952 2937 1008 3016 ost,
1030 2935 1064 2999 ot
1077 2952 1094 3000 e
1109 2936 1262 3002 eontrario

138 3037 184 3103 itii
206 3039 262 3121 qni
285 3038 326 3103 iu.
341 3037 499 3103 iniustitia
521 3039 554 3103 et
579 3037 732 3103 discordia
755 3039 788 3101 st
810 3037 943 3103 tristitia
967 3041 1100 3105 mortem
1116 3044 1262 3120 operante

102 3144 311 3221 auermntur,
326 3141 360 3206 in
375 3158 469 3225 reguo
483 3142 596 3209 diaboli
613 3146 645 3207 et
659 3142 692 3207 in
708 3140 828 3207 inferno
840 3160 877 3208 ao
887 3144 987 3206 morto
1001 3146 1076 3205 sunt
1092 3142 1261 3209 eonstitnti.

138 3244 187 3309 his
209 3245 295 3309 enirn
318 3244 441 3310 indiciis
464 3245 516 3310 uel
539 3244 589 3309 dai
611 3245 662 3310 nel
684 3244 803 3311 diaboli
820 3243 1005 3311 discernitur
1019 3262 1159 3327 regnum.
1182 3248 1264 3311 etro

137 3367 212 3415 uera
232 3350 260 3413 si
283 3348 413 3415 sublimi
434 3350 552 3417 mentis
573 3350 691 3417 intuitu
713 3349 942 3416 bonsideremne
965 3352 1085 3414 etatum
1105 3348 1207 3425 illum,
1230 3351 1263 3415 irs

137 3470 197 3533 quo
220 3452 341 3535 degunt
361 3455 511 3519 caelestes
534 3470 747 3535 supernaeque
769 3455 905 3519 uirtutes
928 3470 1008 3536 quae
1028 3471 1104 3517 uere
1117 3454 1151 3517 in
1165 3470 1263 3535 regno

137 3555 188 3619 dei
210 3562 293 3633 sunt,
317 3556 471 3638 quietius
495 3574 562 3623 osse
584 3556 750 3623 credendus
777 3560 825 3622 ost
848 3574 942 3639 quam
956 3558 1105 3639 perpetua
1119 3555 1266 3640 iugisque

240 3759 273 3812 12
292 3760 355 3813 Luo.
374 3760 414 3823 17,
433 3760 533 3815 bet-21
640 3762 673 3815 19
693 3762 769 3815 Rom.
790 3761 830 3825 14,
849 3761 882 3815 17

193 3946 337 4001 dintitum
354 3948 396 4001 1)1
492 3949 619 4004 dduleat
636 3948 679 4004 D¹
766 3948 852 4019 adque
875 3951 915 4007 W
1006 3952 1181 4008 breeoidisse
1202 3954 1269 4010 W‘:

136 4030 265 4086 recidisse
281 4032 408 4088 D’Wrx
437 4033 565 4088 recedisse
582 4032 624 4088 D¹
719 4036 906 4105 desperatum
927 4038 964 4094 W
1056 4037 1138 4109 txpo
1156 4039 1196 4093 D¹

137 4125 174 4179 10
194 4124 221 4179 in
237 4142 257 4181 o.
270 4126 286 4183 1.
304 4126 335 4181 D
427 4128 458 4182 11
478 4128 584 4199 saiano]
603 4127 693 4183 eedem
703 4128 743 4183 12¹
834 4131 867 4184 14
884 4131 1010 4187 enisz
1037 4149 1115 4187 amen
1130 4133 1199 4190 WX

136 4230 171 4283 15
199 4228 332 4285 internos
349 4235 391 4285 est
415 4231 445 4286 D
548 4231 580 4285 11
605 4222 697 4287 nubilo
715 4236 740 4299 (n
757 4234 791 4288 o'oo
807 4239 874 4302 rae.)
899 4235 928 4290 D
1034 4236 1066 4291 19
1089 4236 1272 4292 (1111111111)-

134 4322 268 4377 deseribet
291 4324 330 4379 W
332 4327 341 4355 ¹
427 4325 462 4379 23
479 4330 699 4381 commemoratur
720 4327 767 4384 117ι
854 4328 889 4383 24
905 4329 1015 4383 institia
1032 4331 1073 4384 D¹
1154 4331 1189 4385 ‘db
1206 4331 1270 4384 dia-

135 4408 200 4463 bnli
219 4407 256 4461 D¹
284 4410 373 4464 zabuli
390 4410 445 4464 12²:
475 4412 516 4465 ita
534 4418 559 4465 et
577 4412 658 4478 o'oofrn
760 4413 795 4469 29
812 4412 877 4483 quid
894 4414 969 4469 aliud
985 4416 1026 4470 Χ*

1120 4490 1296 4571 P.
