3092 4967
312 436 388 503 332·
701 434 872 491 lobannis
891 433 1052 491 Cassiani

313 625 484 690 subsistere
512 627 635 691 omnino
666 642 728 690 non
750 642 858 708 posse:
881 624 936 689 sed
957 627 1065 689 utrum
1086 622 1134 689 ita
1155 622 1223 689 eius
1245 624 1345 706 possit
1364 643 1426 707 perv

311 729 450 810 petuitas
472 728 617 807 obtineri,
641 732 676 793 ut
699 746 870 811 numquam
891 726 1035 793 libidinis
1057 724 1203 793 titillatio
1217 726 1426 811 integritatem

312 832 412 896 nostri
435 832 533 897 cordis
555 832 693 913 infestet,
717 833 748 896 et
770 833 816 896 ite
837 830 997 896 ualeamus
1019 828 1059 895 ab
1081 830 1141 896 bae
1161 830 1306 912 passione
1318 831 1426 900 amal

310 936 342 1001 in
378 954 473 1001 earne
509 936 657 1019 degentes
692 934 893 1018 peregrinari,
932 935 969 999 ut
1001 952 1174 1017 numquam
1207 934 1427 1001 inuentinorum

310 1038 448 1103 aestibus
469 1040 645 1115 aduramur,
663 1038 811 1103 uolumus
832 1036 962 1102 edoceri.
1441 1066 1452 1107 s

352 1158 420 1225 XV.
445 1174 671 1226 mannen:
693 1158 839 1224 Summae
854 1159 979 1240 quidem
996 1158 1202 1224 beatitnuinis
1216 1174 1252 1224 ao
1267 1159 1426 1244 singularis

310 1266 357 1326 ost
388 1262 492 1327 meriti
521 1262 567 1326 ita
597 1262 694 1326 istum
723 1280 779 1345 per
800 1280 892 1344 quem
917 1262 1040 1327 domino
1064 1261 1265 1327 cohaeremus
1285 1262 1427 1329 ereetum

309 1364 360 1429 uel
390 1364 509 1429 dissere
537 1364 652 1449 iugiter
680 1365 732 1430 uel
761 1366 877 1444 dooere,
905 1368 942 1431 ut
970 1366 1133 1431 meditatio
1164 1367 1231 1430 eius
1264 1367 1425 1432 swanum

308 1466 537 1551 psalmographi
561 1466 751 1533 sententiam
775 1485 881 1532 omnes
908 1465 993 1533 uitae
1024 1470 1150 1533 nostrae
1177 1468 1246 1533 dies
1268 1472 1425 1553 neuterque

307 1570 472 1634 consumat
499 1572 529 1633 et
559 1570 699 1635 mentem
728 1570 868 1634 nostram
895 1570 1118 1635 insatiabiliter
1145 1572 1336 1637 esurientem
1363 1574 1452 1637 siti-o

308 1674 472 1753 entemque
495 1670 652 1736 iustitiam
676 1671 821 1737 caelestis
853 1670 947 1736 buius
970 1672 1031 1738 eibi
1053 1676 1202 1754 perpura
1223 1675 1425 1741 ruminatione

308 1775 473 1839 sustentet.
507 1772 562 1838 sed
586 1774 811 1839 consulendum
834 1776 884 1839 est
906 1774 1002 1839 etiam
1023 1776 1165 1840 iumento
1184 1776 1318 1859 eorporis
1334 1778 1425 1843 nostrl

308 1874 479 1941 seeundum
508 1874 768 1959 benignissimam
799 1876 967 1941 saluatoris
996 1878 1095 1942 nostri
1127 1876 1368 1961 prouidentiam,
1392 1896 1426 1944 ne

308 1976 434 2042 definiat
456 1980 486 2042 in
510 1978 579 2043 uia:
602 1980 770 2063 spiritus
802 1980 905 2044 enim
937 1980 1163 2062 promptus,
1190 1998 1277 2046 earo
1300 1983 1425 2045 autem

306 2080 482 2145 infirma.
520 2098 598 2164 queo
627 2084 723 2147 etiam
751 2100 834 2146 nune
855 2082 908 2147 uel
938 2081 1040 2166 exigui
1067 2082 1129 2148 eibi
1154 2084 1352 2171 portentione
1377 2099 1451 2147 ruo

308 2180 406 2247 nanda
428 2186 486 2263 est,
510 2186 546 2248 ut
560 2184 631 2267 post
646 2184 847 2249 retentionem
862 2184 929 2250 elue
944 2185 1040 2267 etiam
1054 2184 1098 2247 ael
1109 2200 1144 2250 ea
1157 2201 1238 2266 quae
1253 2184 1425 2252 desideratis

304 2284 489 2368 diligentius
512 2284 689 2372 indaganda
711 2288 828 2353 mentis
849 2304 970 2370 qnoque
993 2286 1128 2351 addatur
1150 2286 1295 2354 intentio.

407 2472 476 2529 bei.
495 2462 583 2539 rer,
600 2473 616 2527 2
722 2473 876 2531 laetus
895 2472 989 2539 15,θῖ
1092 2472 1196 2533 1th
1211 2474 1307 2541 80.ss

314 2682 317 2688 -
357 2644 446 2719 ilopt.
465 2645 493 2703 Σ
588 2656 724 2711 nonquam
740 2642 781 2701 11¹
876 2640 1035 2717 integritate
1051 2643 1082 2696 Π
1177 2643 1257 2714 aab]
1275 2644 1310 2704 ael
1326 2645 1363 2697 11¹

302 2725 475 2779 infestatione
494 2728 519 2777 Τ
628 2728 644 2780 6
661 2724 747 2782 XIIII
766 2729 793 2778 Y
892 2744 923 2786 ao
940 2743 989 2781 om.
1008 2725 1039 2778 Π
1156 2728 1424 2799 upmmogrmnra*

304 2828 475 2896 psalmografi
503 2828 528 2881 Ο
633 2832 665 2885 10
694 2816 833 2885 consumet
860 2830 891 2883 0'
990 2830 1023 2884 14
1045 2830 1172 2883 definient
1195 2830 1315 2887 inuiam
1339 2834 1364 2885 0

301 2912 385 2979 enim]
404 2912 511 2979 quidem
530 2914 555 2965 Θ
634 2918 753 2983 promtus
771 2916 830 2969 ΣΟ
916 2913 948 2969 ll
965 2913 1083 2985 llrplibit
1095 2916 1301 2986 subnotant
1320 2932 1370 2973 orer.
1386 2919 1422 2970 Σε

302 2997 371 3050 eonl
389 2994 478 3065 prima
495 2998 531 3064 0)
551 2976 658 3054 abbatis
677 3000 858 3056 obseremoaie
875 3002 908 3055 le
929 3002 1092 3071 umentibus
1109 3002 1230 3063 ΣΠΤΟ
1250 3005 1311 3073 <neo
1327 3006 1422 3075 gratia

301 3081 367 3143 uelo.
388 3082 425 3150 0)
457 3084 563 3153 Inoipit
583 3086 702 3149 muntem
720 3088 802 3155 <emis
819 3087 885 3147 uta
903 3087 938 3153 0)
960 3088 1076 3150 seeundo
1092 3088 1126 3147 de
1142 3091 1276 3164 assare.
1306 3091 1421 3161 &uitale

303 3168 474 3233 (anulatieuie
497 3170 626 3228 secundae
646 3171 752 3229 obbatis
770 3172 835 3229 add.
851 3174 892 3241 Π)
909 3173 1086 3233 meereuouis
1103 3174 1136 3235 do
1153 3175 1280 3235 maure
1295 3178 1358 3231 ΣΠ
1381 3178 1421 3238 [ιι-

300 3254 499 3345 aspiramus
512 3271 672 3333 otrannus
685 3272 983 3337 erueoemneasutau
996 3277 1022 3330 r
1053 3276 1361 3351 emolumenturn
