3092 4967
306 420 371 484 296
694 416 860 471 Iohannis
885 415 1045 469 cassiani

307 623 344 669 ac
371 604 528 668 discursus
561 605 664 669 uarios
695 604 833 670 reuocari
862 607 894 669 et
921 607 991 688 post
1017 605 1113 687 longa
1145 602 1308 687 naufragia
1340 604 1420 669 uelut

276 710 431 792 oportum
468 708 583 790 quietis
620 708 746 773 intrare,
794 709 901 790 itaque
937 708 976 773 fit
1007 709 1044 773 ut
1077 707 1135 797 hac
1168 706 1359 790 ignoratione
1389 725 1421 773 ec

306 810 495 876 difficultate
531 830 618 875 mens
655 812 771 893 iugiter
813 812 995 893 praepedita
1031 810 1205 876 errabunda
1242 829 1358 894 semper
1392 812 1422 874 et

306 916 394 979 uelut
426 916 514 980 ebria
545 933 601 997 per
633 913 758 980 diuersa
791 916 927 981 iactetur
957 916 989 979 et
1016 932 1055 977 ne
1084 913 1165 979 iliud
1195 913 1321 996 quidem
1347 914 1421 996 quod

305 1037 377 1083 casu
406 1018 512 1100 potius
544 1036 638 1099 quam
671 1017 826 1083 industria
854 1018 981 1083 sibimet
1009 1016 1178 1081 occurrerit
1205 1015 1346 1099 spiritale
1373 1016 1449 1079 diue

306 1139 343 1186 ac
370 1121 503 1186 firmiter
530 1125 646 1197 teneat,
675 1120 748 1187 dum
772 1120 859 1185 aliud
882 1140 916 1187 cx
939 1120 1001 1185 alio
1023 1139 1146 1203 semper
1177 1120 1328 1203 recipiens
1348 1120 1422 1185 sicut

305 1225 451 1290 introitus
473 1242 581 1289 eorum
603 1224 697 1307 atque
718 1225 880 1308 principia,
908 1224 954 1290 ita
976 1224 1073 1290 etiam
1088 1223 1183 1289 finem
1199 1223 1422 1305 discessumque

304 1346 365 1392 non
391 1327 517 1392 sentiat.

346 1447 452 1515 VIIII.
481 1466 595 1515 rensc:
624 1449 791 1532 Inquisitio
819 1451 924 1516 uestra
945 1453 1011 1514 tam
1038 1450 1161 1514 minuta
1182 1452 1277 1531 atque
1299 1444 1420 1513 subtilis

303 1552 460 1632 proximae
491 1553 639 1635 puritatis
676 1553 859 1636 praesignat
894 1551 1056 1618 indicium.
1101 1568 1159 1617 nec
1191 1550 1277 1616 euim
1310 1550 1347 1615 de
1378 1548 1447 1613 hiso

302 1656 407 1718 saltim
435 1656 638 1738 interrogare,
666 1674 729 1721 non
758 1656 860 1722 dicam
893 1658 1094 1737 introspicere
1127 1658 1221 1738 atque
1255 1654 1422 1719 discernere

303 1759 459 1841 quispiam
491 1758 695 1842 praeualebit,
729 1760 791 1824 nisi
824 1778 917 1842 quem
950 1759 1084 1844 diligens
1114 1763 1146 1824 et
1175 1758 1284 1823 efficax
1316 1756 1422 1821 mentis

302 1859 458 1926 industria
486 1879 522 1926 ac
550 1862 730 1927 sollicitudo
763 1863 898 1946 peruigil
931 1862 971 1929 ad
1004 1862 1262 1945 perscrutandam
1295 1862 1420 1926 istarum

302 1964 549 2046 profunditatem
592 1966 768 2049 prouenerit
812 1967 1030 2050 quaestionum
1074 1966 1307 2048 castigataeque
1343 1964 1421 2029 uitae

302 2065 386 2150 iugis
415 2067 549 2133 intentio
579 2088 634 2151 per
662 2072 885 2152 experientiam
914 2071 1024 2135 iecerit
1053 2070 1210 2136 actualem
1233 2069 1447 2152 adtemptatae

272 2171 450 2251 spiritatis
471 2172 564 2237 huius
586 2173 697 2239 limina
718 2176 886 2257 iauuasque
912 2173 1046 2257 pulsare.
1087 2178 1118 2239 et
1140 2173 1257 2239 idcirco
1280 2172 1420 2256 quoniam

302 2274 394 2340 uideo
423 2294 478 2341 uos
507 2294 568 2341 non
598 2276 701 2342 dicam
731 2296 787 2359 pro
815 2278 935 2343 foribus
969 2277 1116 2343 orationis
1150 2276 1237 2341 illius
1268 2294 1359 2341 uerae
1388 2274 1419 2338 de
1515 2310 1516 2337 r

301 2394 362 2460 qua
391 2378 572 2445 disserimus
600 2380 767 2459 adstitisse,
797 2381 850 2447 sed
873 2382 949 2465 ipsis
972 2380 1199 2465 quodammodo
1221 2379 1419 2463 experientiae

300 2482 444 2549 menibus
477 2484 650 2565 penetralia
686 2486 752 2549 eius
789 2489 821 2549 et
857 2486 1005 2551 interiora
1043 2485 1170 2567 palpare
1207 2484 1240 2548 et
1275 2482 1419 2567 quaedam

300 2585 442 2650 membra
469 2586 533 2651 iam
562 2589 687 2670 iamque
715 2587 903 2671 contingere,
931 2607 987 2653 uec
1016 2608 1066 2654 me
1087 2589 1300 2654 laboraturum
1328 2586 1446 2663 credes

300 2688 336 2752 ut
358 2690 421 2754 iam
443 2688 529 2754 intra
550 2690 654 2756 aulam
678 2692 905 2774 quodammodo
931 2692 1031 2777 ipsius
1065 2692 1243 2758 oberrantes
1277 2691 1310 2755 in
1335 2693 1420 2773 adyta

300 2806 429 2872 quoque,
458 2792 673 2876 inquantum
705 2795 849 2861 dominus
880 2796 1034 2875 direxerit¹
1062 2797 1266 2878 introducam,
1289 2814 1349 2859 nec
1369 2809 1418 2858 uos
1514 2825 1515 2912 p

299 2894 339 2957 ad
366 2894 609 2977 introspicienda
635 2897 711 2964 haec
738 2918 816 2982 quae
845 2901 1089 2967 demonstranda
1110 2902 1184 2965 sunt
1206 2900 1271 2964 ullo
1294 2894 1419 2963 difficul-

269 2996 373 3067 3tatis
406 2999 567 3065 obstaculo
599 3001 808 3068 retardandos.
850 3005 1008 3085 proximus
1041 3004 1123 3069 enim
1159 3000 1333 3082 cognitioni
1365 3000 1416 3075 eet

298 3098 352 3181 qni
380 3100 453 3183 quid
483 3104 639 3187 inquirere
668 3106 781 3171 debeat
808 3106 978 3188 prudenter
999 3109 1151 3190 agnoscit,
1174 3122 1232 3170 nec
1253 3123 1273 3169 a
1296 3102 1445 3171 amentias

298 3200 387 3286 longe
417 3206 475 3282 est,
499 3208 551 3289 qui
573 3206 673 3291 coepit
695 3209 880 3293 intellegere
906 3210 981 3294 quid
1004 3212 1136 3294 ignoret.
1175 3210 1208 3274 et
1228 3208 1343 3275 idcirco
1363 3224 1417 3272 nos

297 3323 404 3371 uereor
430 3310 540 3374 notam
567 3310 756 3391 proditionis
785 3312 837 3377 uel
865 3312 1006 3379 leuitatis
1040 3314 1206 3391 incurrere,
1228 3313 1254 3377 ei
1278 3330 1324 3389 ea,
1347 3326 1417 3393 quae

296 3407 331 3470 in
352 3411 508 3492 superiore
531 3419 669 3479 tractatu
692 3419 729 3480 de
751 3418 942 3498 perfectione
968 3416 1118 3482 orationis
1140 3414 1295 3481 disserens
1318 3415 1416 3496 dispu-

296 3511 410 3578 tationi
434 3515 659 3594 subtraxeram,
683 3519 860 3603 propalare,
877 3536 1008 3602 quorum
1031 3519 1184 3587 uirtutem
1207 3520 1297 3585 uobis
1319 3519 1352 3583 in
1365 3516 1415 3583 hoo

347 3748 513 3803 ldiscnrsos
530 3750 572 3804 D¹
657 3754 751 3809 narius
766 3755 804 3809 V¹
889 3757 1109 3827 3prsepiditaV
1191 3754 1356 3812 dhebriaO

294 3830 396 3886 dinis-sa
414 3834 442 3888 V
530 3836 697 3907 dreespiens
719 3840 756 3893 V¹
851 3841 972 3911 iadque
993 3843 1020 3897 V
1111 3842 1202 3897 ‘itam
1220 3859 1271 3898 orn.
1293 3840 1355 3899 VD¹

294 3918 381 3987 adque
402 3921 430 3975 V
528 3924 637 3994 suptilis
659 3925 690 3979 D
791 3928 824 3982 11
849 3928 990 3985 saltemO
1091 3930 1165 3985 intro
1188 3930 1305 4000 aspicere
1326 3928 1357 3984 X

294 4004 380 4073 adque
400 4006 428 4061 V
538 4010 571 4064 14
588 4010 717 4080 qutiens
733 4011 776 4068 D¹
885 4016 918 4069 16
936 4016 1044 4071 ldmona
1064 4016 1092 4071 V
1202 4018 1234 4071 18
1250 4015 1414 4071 dissernimus

298 4089 322 4144 0
413 4093 447 4147 19
464 4094 614 4162 penetralia
625 4096 697 4151 DX:
723 4098 902 4168 penetrabilia
918 4100 997 4157 VOP
1086 4102 1117 4157 21
1131 4102 1206 4157 auin
1217 4102 1306 4159 DOX
1331 4098 1415 4155 abdita

296 4175 321 4230 a
422 4178 458 4231 ee
479 4178 577 4234 arxes
599 4181 640 4235 οι
748 4184 783 4239 ae
806 4185 855 4240 ruo
878 4186 1054 4241 uffieuluess
1077 4186 1120 4243 12¹
1223 4188 1257 4244 as
1279 4188 1324 4259 qu
1346 4184 1413 4255 quid
1511 4230 1512 4245 t

294 4262 424 4332 quidquid
434 4262 506 4319 D¹P
529 4267 576 4334 qui
587 4269 750 4338 quicquidO
840 4272 1193 4344 museitwsgnnwatV
1282 4270 1355 4329 abO
1511 4252 1512 4288 ¹

292 4348 328 4403 26
345 4350 500 4419 ignorato
601 4354 638 4408 29
654 4356 827 4425 propalansro
846 4357 936 4415 P’Xc
