3092 4967
292 426 356 492 590
683 419 847 477 Iohannis
864 417 1023 475 Cassiani

289 611 486 678 rontinentia
513 608 683 675 ieiunantis
712 611 805 691 atque
832 606 994 673 euidenter
1014 602 1161 671 enuntiat
1183 620 1239 686 per
1260 620 1294 671 ee
1315 606 1412 673 solum
1520 659 1521 662 1

288 713 441 780 ieiunium
463 714 610 799 prodesse
631 730 693 777 non
715 728 813 795 posse,
836 710 900 776 nisi
928 708 1412 792 hasquaesubieiuntureeueus
1520 737 1521 748 ¹

288 816 433 883 habuerit
449 818 679 901 consequentes,
698 832 822 881 nenne
842 813 912 879 hoe
933 816 1009 894 est,
1031 811 1187 895 inquiens,
1210 810 1413 892 ieiunium,

288 918 388 1003 quod
432 919 561 1004 elegi?
605 917 786 984 dissolue
834 914 1123 1001 conligationes
1166 915 1414 999 impietatis,
1520 979 1521 994 ζ

288 1022 398 1089 solue
442 1020 666 1089 fusticulos
703 1020 992 1103 deprimentes,
1035 1018 1198 1085 dimitte
1232 1035 1315 1097 eos,
1350 1020 1443 1101 quis
1520 1055 1521 1078 2

288 1126 488 1191 confracti
521 1128 627 1209 sunt,
660 1123 825 1204 liberos,
859 1125 898 1187 et
931 1140 1041 1189 omne
1074 1140 1170 1189 onus
1201 1121 1414 1208 disrumpe.

287 1229 426 1313 frange
460 1226 661 1295 esurienti
693 1244 832 1311 panem
865 1226 991 1306 tuum,
1021 1226 1060 1291 et
1088 1244 1248 1311 egenos,
1279 1247 1414 1313 nages·
1520 1259 1521 1314 p

288 1350 358 1415 que
389 1332 510 1397 indue
541 1330 581 1396 in
615 1329 765 1396 domum
797 1333 919 1395 tuam:
953 1346 1038 1394 eum
1070 1328 1221 1396 uideris
1254 1330 1413 1410 nudum,
1520 1393 1521 1402 ,

288 1433 397 1518 operi
432 1453 533 1512 eum,
571 1438 608 1499 et
641 1451 797 1499 earnem
826 1436 932 1498 tuam
964 1451 1009 1497 ue
1042 1431 1279 1516 despexeris
1324 1438 1413 1501 tune

289 1540 468 1620 erumpet
501 1536 618 1620 quasi
648 1554 756 1603 mune
785 1535 916 1601 lumen
944 1536 1069 1614 tuum,
1099 1536 1140 1601 et
1166 1537 1322 1605 sanitas
1348 1543 1442 1606 tuen

288 1641 408 1707 eitius
444 1644 614 1726 orietur,
651 1642 690 1707 et
725 1639 901 1707 anteibit
935 1638 1076 1706 faeiem
1111 1641 1217 1708 tuam
1249 1643 1413 1708 iustitia

288 1750 370 1821 tua,
393 1748 432 1809 et
454 1743 586 1829 gloria
608 1743 759 1811 domini
781 1742 955 1829 colliget
977 1746 1025 1809 te.
1062 1745 1156 1810 tune
1187 1745 1410 1826 inescatis,

288 1850 328 1913 et
356 1848 536 1915 dominus
565 1848 757 1917 exaudiet
788 1851 841 1914 te:
872 1846 1085 1930 elamabis,
1113 1847 1152 1912 et
1172 1850 1299 1915 dieet:
1321 1866 1410 1915 eeee
1520 1937 1521 1940 Ἴ

259 1948 434 2017 ladsum.
473 1950 587 2018 uidetis
609 1970 683 2037 ergo
705 1951 858 2017 ieiunium
885 1968 1080 2033 nequaquam
1104 1949 1279 2033 prinoipele
1300 1952 1410 2018 bonum
1520 1967 1521 2012 ς

288 2072 307 2119 a
328 2052 453 2119 domino
476 2054 618 2139 iudieari,
642 2074 676 2121 eo
696 2057 777 2138 quod
800 2073 862 2120 non
883 2072 938 2135 per
960 2053 1060 2119 semet
1080 2053 1196 2136 ipsum,
1212 2057 1267 2121 eed
1280 2073 1337 2137 per
1353 2055 1441 2123 dne
1520 2091 1521 2132 3

287 2174 381 2240 opera
403 2159 519 2225 bonum
542 2176 577 2224 ae
599 2162 655 2225 deo
670 2160 748 2225 bene
762 2160 916 2241 plaeitum
931 2156 988 2223 fiat
1002 2162 1034 2223 et
1048 2175 1174 2223 rursum
1189 2176 1225 2223 ex
1239 2157 1410 2225 aooedeuli·
1520 2233 1521 2238 ,

290 2260 347 2325 bus
371 2262 472 2327 eeusie
495 2279 557 2327 non
579 2264 679 2329 solum
702 2280 829 2341 uanum
858 2280 969 2327 uerum
996 2261 1093 2327 etiam
1117 2261 1230 2328 odibile
1255 2263 1411 2329 oeuseatur
1520 2269 1521 2346 ζ

289 2364 411 2430 dioente
455 2366 596 2431 domino:
641 2385 726 2433 oum
763 2364 1059 2447 ieiunenerint,
1096 2383 1171 2430 non
1207 2367 1411 2433 exaudiam
1520 2399 1521 2414 2

287 2486 423 2551 preoes
446 2486 585 2536 eorum.

329 2588 398 2655 XV.
422 2587 493 2654 Non
526 2589 610 2655 enim
637 2587 858 2670 misericordia,
888 2586 1044 2669 patientia
1076 2587 1109 2652 et
1136 2588 1249 2653 earitae
1277 2590 1328 2655 uel
1360 2590 1439 2654 illan

288 2689 516 2772 praedictarum
537 2695 703 2775 praesepta
724 2692 890 2767 uirtutum,
915 2691 949 2755 in
970 2691 1084 2774 quibus
1105 2692 1213 2775 utique
1235 2691 1354 2759 bonum
1367 2694 1411 2759 est
1520 2713 1521 2720 ¹

288 2793 469 2877 prinoipele,
504 2798 631 2879 propter
661 2794 777 2860 ieiunia
809 2796 885 2860 eunt
914 2793 1058 2879 tenenda,
1087 2794 1143 2860 sed
1169 2796 1275 2878 potius
1302 2796 1411 2863 ieiunis

287 2898 414 2981 propter
444 2898 511 2963 illa.
550 2898 772 2967 elaborandum
800 2903 850 2965 est
878 2899 963 2971 enim
995 2903 1033 2966 ut
1064 2901 1196 2966 uirtrtes
1224 2902 1309 2987 illae,
1338 2920 1410 2985 quae

288 3017 360 3065 uere
388 3000 487 3067 bonae
514 3004 599 3082 sunt,
628 3002 753 3069 ieiuniis
781 3002 997 3085 adquiruntur,
1028 3019 1089 3069 non
1110 3004 1147 3069 ut
1167 3003 1209 3070 ad
1230 3004 1409 3071 ieiuniorum
1520 3081 1521 3086 ,

288 3102 457 3169 terminum
489 3105 623 3171 tendent
648 3105 706 3171 illa
734 3106 882 3171 exercitia
912 3105 1077 3171 uirtutum.
1114 3105 1154 3171 ob
1179 3106 1239 3172 hoe
1267 3122 1341 3191 ergo
1365 3106 1436 3171 ests

286 3204 377 3271 utilis
399 3208 501 3273 earnis
516 3208 667 3287 addistis,
694 3210 732 3276 eb
746 3209 805 3274 hoo
820 3210 850 3274 ei
863 3208 1039 3275 adhibenda
1054 3212 1104 3275 est
1117 3208 1239 3276 inediae
1252 3209 1407 3287 medidus,
1520 3225 1521 3268 ὲ

286 3308 324 3373 ut
345 3326 402 3390 per
422 3309 515 3377 illam
536 3313 576 3377 ad
597 3313 770 3397 ceritatem,
792 3312 825 3377 in
849 3329 911 3395 qna
932 3311 1081 3378 inmobile
1103 3330 1140 3377 ae
1161 3314 1232 3378 sine
1253 3314 1320 3380 ulle
1333 3314 1406 3379 tern-

391 3541 444 3596 31.
463 3558 484 3597 a
503 3541 571 3597 6-9
676 3544 708 3598 18
725 3540 843 3599 Hierum.
862 3544 905 3610 14,
924 3544 958 3599 1‘1

341 3756 534 3812 leontinentie
546 3756 585 3811 Βι
677 3756 826 3811 ieiunantes
838 3756 881 3811 K*
975 3757 1129 3828 3inqniene
1141 3759 1231 3814 οπο
1323 3759 1404 3813 leon·

287 3840 437 3909 legationes
456 3842 498 3896 Κι
592 3844 609 3897 5
627 3843 804 3913 deprimentis
820 3842 900 3898 Β“Ζι
990 3844 1006 3899 ’1
1025 3859 1123 3915 egnes
1140 3844 1181 3899 11ι
1266 3856 1404 3912 amnesque

287 3924 357 3980 ΚΖι
457 3928 475 3980 8
500 3942 583 3997 quum
609 3928 632 3985 O
733 3929 750 3983 9
774 3928 920 3999 dispexeris
939 3928 1017 3985 esua
1120 3930 1155 3987 10
1171 3931 1290 4000 erumpit
1304 3929 1345 3986 1¹

289 4012 321 4066 12
338 4012 387 4065 tua
405 4026 455 4067 om.
476 4012 499 4067 0
597 4012 704 4083 eolltgit
723 4014 746 4071 0
775 4014 887 4085 pellegit
903 4015 946 4070 Ι(ι
1050 4016 1083 4070 13
1100 4016 1169 4071 dieit
1187 4016 1229 4071 11Ί
1247 4015 1325 4087 (Μ
1339 4018 1404 4071 mes

287 4098 319 4151 io
336 4096 372 4165 F,
396 4112 453 4153 oea
470 4095 587 4167 dispe-od
679 4100 712 4156 15
730 4100 824 4170 semet]
842 4117 871 4155 ee
887 4101 928 4172 βυ
1013 4102 1046 4157 16
1063 4101 1246 4157 assidentibus
1262 4101 1344 4157 3²00

289 4183 321 4237 18
338 4197 422 4252 quum
441 4183 464 4240 0
559 4186 592 4240 19
609 4201 712 4256 prooem
732 4186 755 4243 0
849 4188 884 4243 20
900 4189 1036 4260 ueritas?
1126 4189 1160 4245 21
1177 4187 1346 4259 praeliatori

287 4268 692 4327 reascendens
790 4274 1134 4332 murmuratores:
1162 4270 1402 4346 mammo
1520 4245 1521 4340 1

286 4354 325 4425 βυ
429 4354 463 4410 26
481 4354 598 4411 adflictio
617 4359 748 4416 earnieO
849 4360 984 4417 adibendus
999 4361 1055 4418 ΡΟ
