3092 4967
546 448 708 509 conlatio
726 449 748 515 I,
768 449 878 505 14-1n
1231 446 1275 515 25

144 660 219 707 uon
252 641 377 707 multo
412 641 537 725 magis
570 638 814 707 subiciamur
847 638 953 722 patri
986 638 1204 723 spirituum
1237 641 1275 702 et

142 745 349 811 uiuamus?

186 862 259 927 XV.
282 860 512 945 Contemplatio
535 878 608 929 uero
630 862 680 927 dei
702 862 877 929 multifarie
898 862 1080 946 concipitur.
1103 879 1176 928 narn
1198 862 1274 927 deus

140 984 206 1032 non
228 966 294 1032 sola
315 964 627 1049 inconprehensibilis
649 966 736 1033 illius
758 966 953 1033 substantiae
974 983 1051 1033 auae
1072 967 1275 1031 admiratione

118 1070 351 1155 rcognoeoitur,
374 1072 455 1153 quod
472 1076 576 1136 tamen
591 1069 692 1135 adhuc
711 1069 744 1133 in
759 1088 813 1153 spo
826 1070 1041 1153 promissionis
1056 1069 1274 1135 absconditum

142 1180 203 1254 est,
227 1174 281 1241 sed
304 1175 399 1240 etiarn
422 1178 635 1241 creaturarum
658 1191 786 1239 suerum
807 1174 1025 1257 magnitudine
1038 1174 1091 1238 uel
1107 1172 1274 1255 aequitatis

140 1296 218 1344 suae
248 1276 497 1345 consideratione
524 1278 575 1344 uel
605 1276 779 1343 cotidianae
800 1277 1043 1359 dispensationis
1065 1275 1179 1343 auxilio
1201 1294 1273 1358 per·

139 1382 282 1449 uidetur:
313 1381 437 1463 quando
466 1380 585 1447 scilicet
615 1398 694 1463 quac
726 1398 799 1447 curn
828 1381 944 1447 sanctis
967 1380 1032 1445 suis
1055 1378 1273 1463 persingulas

140 1485 361 1570 generationes
391 1485 490 1569 egerit
519 1486 624 1551 moute
654 1483 823 1566 purissima
851 1482 1086 1566 perlustramus,
1119 1500 1191 1547 cum
1217 1500 1272 1565 po-

105 1590 281 1659 rotentiam
309 1590 407 1671 ipsius
437 1606 498 1670 qua
527 1588 675 1653 uniuersa
704 1586 873 1672 gubernat,
903 1587 1083 1651 moderatur
1112 1604 1149 1651 ac
1178 1584 1273 1669 regit,

140 1710 217 1759 cum
240 1691 473 1757 inmensitatem
496 1691 646 1758 scientiae
667 1692 734 1757 eius
755 1691 788 1755 et
808 1690 934 1755 oculum
951 1707 1045 1773 quem
1067 1693 1186 1755 secreta
1207 1706 1272 1755 cor·

140 1796 232 1861 dium
257 1796 356 1860 latore
378 1812 439 1861 uon
462 1797 592 1876 possunt
614 1797 768 1861 tremente
791 1794 884 1859 corde
904 1794 1067 1873 mbamur,
1088 1811 1161 1859 cum
1183 1791 1272 1859 hare-

139 1918 217 1967 nam
249 1897 344 1963 maris
375 1898 590 1980 undarumque
619 1916 786 1963 numerum
808 1896 983 1961 ffimausrmr
1007 1896 1036 1962 ei
1059 1901 1091 1961 et
1113 1898 1272 1979 cognitum

139 2003 328 2087 cogitemus,
363 2020 433 2066 cum
463 2000 643 2083 pluuiarum
672 1998 790 2085 guttas,
825 2017 896 2065 cum
925 2000 1119 2065 saeculorum
1150 1999 1215 2064 dies
1242 2003 1273 2065 et

105 2105 245 2185 rehoraa,
276 2123 348 2170 cum
378 2103 548 2187 praeterita
579 2102 724 2170 futuraue
752 2106 897 2169 uniuersa
926 2104 1182 2188 obstupescentes
1212 2105 1271 2168 sci-

137 2211 246 2276 entiae
261 2211 327 2273 eius
340 2208 490 2275 adsistere
503 2208 764 2291 contemplamur:
782 2225 854 2273 curn
866 2206 1060 2273 ineffabilem
1073 2206 1303 2274 clementiam?

137 2314 220 2389 eins,
244 2331 305 2394 qua
326 2312 490 2377 innumera
512 2310 642 2395 flagitia,
666 2330 744 2395 quae
765 2312 899 2398 singulis
917 2312 1090 2395 quibusque
1106 2312 1273 2375 momentis

138 2414 203 2481 sub
241 2414 338 2497 ipsius
376 2415 617 2482 committuntur
654 2416 802 2498 repectu,
844 2414 997 2481 indefessa
1033 2414 1273 2499 longanimitate

137 2520 311 2597 sustentat,
349 2537 421 2583 cum
458 2517 663 2597 uocationem,
703 2536 765 2602 qua
796 2536 853 2583 nos
886 2518 983 2584 nullis
1020 2516 1273 2600 praecedentibus

105 2621 265 2695 „meritis
295 2622 399 2705 gratia
428 2639 502 2686 suae
533 2620 742 2686 miserationis
773 2621 918 2701 adsciuit,
951 2640 1023 2687 cum
1044 2620 1176 2703 denique
1198 2625 1273 2704 quot

138 2726 315 2791 occasiones
337 2724 450 2789 salutis
472 2724 585 2791 tribuit
608 2724 796 2808 adoptandis
819 2745 891 2792 cum
905 2725 1040 2808 quodam
1058 2724 1273 2791 admirationis

137 2829 302 2894 intuemur
331 2844 470 2893 excessu:
501 2828 583 2911 quod
612 2827 658 2893 ita
688 2846 743 2893 nos
772 2828 860 2893 nasci
883 2830 1050 2913 praecepit,
1080 2832 1116 2893 ut
1138 2830 1176 2892 ab
1198 2828 1273 2912 ipsis

138 2931 306 3000 cunabulis
335 2932 438 3016 qratia
463 2932 553 2999 nobis
583 2932 724 3019 legisque
747 2951 823 2999 suae
845 2933 960 2998 notitia
981 2933 1167 3012 traderetur,
1192 2930 1273 3013 quod

138 3038 208 3120 ipse
238 3036 451 3102 aduersam
480 3035 609 3101 uincens
638 3036 672 3101 in
695 3035 786 3101 nobis
808 3054 864 3120 pro
888 3038 954 3102 solo
974 3034 1076 3101 bonae
1098 3032 1272 3099 uoluntatis

104 3140 276 3211 „adsensu
305 3141 432 3205 aeterna
454 3139 648 3205 beatitudins
671 3158 708 3205 ac
729 3138 889 3223 perpetuis
912 3158 967 3206 nos
991 3138 1139 3221 praemiis
1162 3156 1271 3202 muue-

137 3244 245 3325 ratur‚
278 3259 350 3306 cum
380 3246 534 3327 postremo
564 3242 829 3327 dispensationem
859 3242 1083 3309 incarnationis
1113 3260 1186 3305 suae
1217 3258 1272 3324 pro

138 3347 251 3411 nostra
279 3347 380 3411 salute
410 3346 545 3431 suscepit
575 3365 611 3412 ac
642 3346 801 3413 mirabilia
829 3346 1051 3431 mysteriorum
1081 3363 1209 3410 suorum
1238 3344 1272 3410 in

139 3450 265 3513 cunctis
289 3449 435 3533 gentibus
458 3450 615 3515 dilatauit.
638 3452 711 3515 eunt
734 3450 841 3515 autem
856 3450 936 3515 aliae
952 3468 1073 3532 quoque
1095 3448 1302 3523 huiusmodi3

138 3552 324 3619 innumerae
341 3552 626 3636 contemplationes,
651 3572 728 3637 quae
744 3571 799 3635 pro
815 3553 969 3636 qualitate
984 3553 1068 3618 uitae
1084 3571 1121 3617 ac
1135 3552 1271 3634 puritate

190 3842 401 3911 bccgnuecitur
418 3842 459 3897 D¹
548 3840 714 3911 9purisema
731 3842 771 3896 D¹
858 3843 981 3913 potantia
1002 3844 1041 3900 W
1126 3844 1159 3899 10
1176 3842 1273 3913 guber.

135 3952 218 4003 natur
235 3946 265 4000 D
369 3934 520 4000 moderatdr
537 3961 568 3999 ac
586 3948 661 4015 reget
681 3946 721 4002 W
825 3948 857 4000 ll
882 3946 1001 4001 occulum
1021 3948 1061 4003 D²
1167 3952 1200 4005 12
1217 3956 1272 4007 trc-

136 4032 224 4089 menri
250 4030 376 4086 D⁸W²X
476 4032 577 4087 harena
602 4031 633 4086 D
664 4048 773 4087 uenam
800 4031 831 4087 X
943 4033 975 4086 14
1000 4034 1149 4091 soculorum
1173 4036 1205 4093 D

137 4120 171 4177 15
188 4116 404 4187 obstupiscentaa
432 4116 479 4173 W¹
585 4119 618 4173 18
640 4118 848 4173 committuntur
871 4118 902 4173 D
1004 4118 1146 4175 indeffessa
1173 4124 1205 4174 W

137 4205 172 4260 20
189 4204 296 4274 gratim
311 4204 350 4261 W
442 4204 512 4273 quod
530 4204 617 4263 DWr
643 4220 694 4263 cnr.
713 4204 744 4259 X
835 4205 869 4259 21
888 4206 1032 4264 occarionie
1048 4206 1090 4259 W¹
1176 4210 1273 4265 solutis

135 4290 177 4347 1)ι
275 4289 309 4343 25
326 4288 376 4345 hac
393 4290 432 4347 W
516 4292 671 4345 munerator
685 4289 732 4347 W¹
830 4291 864 4345 26
880 4292 1015 4361 postremi
1033 4291 1073 4344 D¹
1168 4294 1202 4349 27
1220 4296 1279 4355 mi·¹
1313 4280 1317 4291 ¹

138 4378 282 4431 atmioruru
305 4376 340 4431 W
443 4376 476 4430 29
495 4375 597 4445 qualite
619 4376 655 4433 W
