<?xml version="1.0" encoding="UTF-8"?>
<!DOCTYPE html PUBLIC "-//W3C//DTD XHTML 1.0 Transitional//EN"
    "http://www.w3.org/TR/xhtml1/DTD/xhtml1-transitional.dtd">
<html xmlns="http://www.w3.org/1999/xhtml" xml:lang="en" lang="en">
 <head>
  <title>
</title>
<meta http-equiv="Content-Type" content="text/html;charset=utf-8" />
  <meta name='ocr-system' content='tesseract 3.04.00' />
  <meta name='ocr-capabilities' content='ocr_page ocr_carea ocr_par ocr_line ocrx_word'/>
</head>
<body>
  <div class='ocr_page' id='page_1' title='image "./iohanniscassian00petsgoog_0468.png"; bbox 0 0 3092 4967; ppageno 0'>
   <div class='ocr_carea' id='block_1_1' title="bbox 300 446 1033 513">
    <p class='ocr_par' dir='ltr' id='par_1_1' title="bbox 300 446 1033 513">
     <span class='ocr_line' id='line_1_1' title="bbox 300 446 1033 513; baseline -0.015 0"><span class='ocrx_word' id='word_1_1' title='bbox 300 447 364 513; x_wconf 78' lang='grc'><strong>458</strong></span> <span class='ocrx_word' id='word_1_2' title='bbox 692 446 856 502; x_wconf 81' lang='lat' dir='ltr'><strong>Iohannis</strong></span> <span class='ocrx_word' id='word_1_3' title='bbox 875 447 1033 504; x_wconf 66' lang='lat' dir='ltr'><strong>Cassiani</strong></span> 
     </span>
    </p>
   </div>
   <div class='ocr_carea' id='block_1_2' title="bbox 294 637 1446 2577">
    <p class='ocr_par' dir='ltr' id='par_1_2' title="bbox 294 637 1446 2577">
     <span class='ocr_line' id='line_1_2' title="bbox 346 637 1417 725; baseline 0.002 -21"><span class='ocrx_word' id='word_1_4' title='bbox 346 638 465 704; x_wconf 86' lang='lat' dir='ltr'>XXIII.</span> <span class='ocrx_word' id='word_1_5' title='bbox 489 637 656 704; x_wconf 79' lang='lat' dir='ltr'>Sciendum</span> <span class='ocrx_word' id='word_1_6' title='bbox 678 657 752 704; x_wconf 88' lang='lat' dir='ltr'><strong>sane</strong></span> <span class='ocrx_word' id='word_1_7' title='bbox 773 640 959 723; x_wconf 85' lang='lat' dir='ltr'><strong>generaliter</strong></span> <span class='ocrx_word' id='word_1_8' title='bbox 981 638 1072 704; x_wconf 91' lang='lat' dir='ltr'><strong>illum</strong></span> <span class='ocrx_word' id='word_1_9' title='bbox 1095 641 1199 723; x_wconf 85' lang='lat' dir='ltr'><strong>partes</strong></span> <span class='ocrx_word' id='word_1_10' title='bbox 1221 657 1313 725; x_wconf 76' lang='lat' dir='ltr'><strong>agere</strong></span> <span class='ocrx_word' id='word_1_11' title='bbox 1335 641 1417 706; x_wconf 87' lang='lat' dir='ltr'><strong>lorti·</strong></span> 
     </span>
     <span class='ocr_line' id='line_1_3' title="bbox 302 741 1417 826; baseline 0.004 -21"><span class='ocrx_word' id='word_1_12' title='bbox 302 758 369 807; x_wconf 91' lang='lat' dir='ltr'><strong>ores</strong></span> <span class='ocrx_word' id='word_1_13' title='bbox 392 742 446 823; x_wconf 90' lang='lat' dir='ltr'><strong>qni</strong></span> <span class='ocrx_word' id='word_1_14' title='bbox 468 741 624 806; x_wconf 85' lang='lat' dir='ltr'><strong>uoluntati</strong></span> <span class='ocrx_word' id='word_1_15' title='bbox 647 741 754 810; x_wconf 77' lang='lat' dir='ltr'><strong>fratris</strong></span> <span class='ocrx_word' id='word_1_16' title='bbox 779 761 868 808; x_wconf 84' lang='lat' dir='ltr'><strong>suam</strong></span> <span class='ocrx_word' id='word_1_17' title='bbox 890 741 1007 809; x_wconf 88' lang='lat' dir='ltr'><strong>subicit</strong></span> <span class='ocrx_word' id='word_1_18' title='bbox 1022 743 1228 819; x_wconf 76' lang='lat' dir='ltr'><strong>uoluntatem,</strong></span> <span class='ocrx_word' id='word_1_19' title='bbox 1245 761 1336 826; x_wconf 81' lang='lat' dir='ltr'><strong>quom</strong></span> <span class='ocrx_word' id='word_1_20' title='bbox 1351 761 1417 810; x_wconf 88' lang='lat' dir='ltr'><strong>eum</strong></span> 
     </span>
     <span class='ocr_line' id='line_1_4' title="bbox 301 844 1419 930; baseline 0.004 -22"><span class='ocrx_word' id='word_1_21' title='bbox 301 846 353 926; x_wconf 89' lang='lat' dir='ltr'><strong>qui</strong></span> <span class='ocrx_word' id='word_1_22' title='bbox 378 846 411 909; x_wconf 90' lang='lat' dir='ltr'><strong>in</strong></span> <span class='ocrx_word' id='word_1_23' title='bbox 434 844 636 910; x_wconf 78' lang='lat' dir='ltr'><strong>defendendis</strong></span> <span class='ocrx_word' id='word_1_24' title='bbox 657 846 723 910; x_wconf 90' lang='lat' dir='ltr'><strong>suis</strong></span> <span class='ocrx_word' id='word_1_25' title='bbox 752 844 995 911; x_wconf 82' lang='lat' dir='ltr'><strong>definitionibus·</strong></span> <span class='ocrx_word' id='word_1_26' title='bbox 1012 864 1048 910; x_wconf 83' lang='lat' dir='ltr'><strong>ac</strong></span> <span class='ocrx_word' id='word_1_27' title='bbox 1069 847 1210 912; x_wconf 87' lang='lat' dir='ltr'><strong>tenendis</strong></span> <span class='ocrx_word' id='word_1_28' title='bbox 1236 846 1419 930; x_wconf 72' lang='lat' dir='ltr'><strong>pertinacior</strong></span> 
     </span>
     <span class='ocr_line' id='line_1_5' title="bbox 300 947 1420 1032; baseline 0.003 -20"><span class='ocrx_word' id='word_1_29' title='bbox 300 948 471 1013; x_wconf 87' lang='lat' dir='ltr'><strong>inuenitur.</strong></span> <span class='ocrx_word' id='word_1_30' title='bbox 507 947 562 1012; x_wconf 89' lang='lat' dir='ltr'><strong>illa</strong></span> <span class='ocrx_word' id='word_1_31' title='bbox 596 948 679 1012; x_wconf 87' lang='lat' dir='ltr'><strong>euim</strong></span> <span class='ocrx_word' id='word_1_32' title='bbox 711 950 890 1014; x_wconf 81' lang='lat' dir='ltr'><strong>sustentans</strong></span> <span class='ocrx_word' id='word_1_33' title='bbox 917 967 953 1014; x_wconf 89' lang='lat' dir='ltr'><strong>ac</strong></span> <span class='ocrx_word' id='word_1_34' title='bbox 982 951 1120 1014; x_wconf 85' lang='lat' dir='ltr'><strong>tolerans</strong></span> <span class='ocrx_word' id='word_1_35' title='bbox 1153 950 1329 1032; x_wconf 83' lang='lat' dir='ltr'><strong>proximum</strong></span> <span class='ocrx_word' id='word_1_36' title='bbox 1356 952 1420 1016; x_wconf 86' lang='lat' dir='ltr'><strong>suni</strong></span> 
     </span>
     <span class='ocr_line' id='line_1_6' title="bbox 300 1051 1446 1138; baseline 0.002 -23"><span class='ocrx_word' id='word_1_37' title='bbox 300 1069 335 1115; x_wconf 89' lang='lat' dir='ltr'><strong>ac</strong></span> <span class='ocrx_word' id='word_1_38' title='bbox 357 1052 465 1129; x_wconf 81' lang='lat' dir='ltr'><strong>uabdi,</strong></span> <span class='ocrx_word' id='word_1_39' title='bbox 488 1051 541 1116; x_wconf 88' lang='lat' dir='ltr'><strong>bio</strong></span> <span class='ocrx_word' id='word_1_40' title='bbox 555 1055 659 1118; x_wconf 87' lang='lat' dir='ltr'><strong>autem</strong></span> <span class='ocrx_word' id='word_1_41' title='bbox 675 1052 792 1117; x_wconf 86' lang='lat' dir='ltr'><strong>infirmi</strong></span> <span class='ocrx_word' id='word_1_42' title='bbox 808 1056 839 1117; x_wconf 87' lang='lat' dir='ltr'><strong>et</strong></span> <span class='ocrx_word' id='word_1_43' title='bbox 854 1053 1081 1134; x_wconf 87' lang='lat' dir='ltr'><strong>quodammodo</strong></span> <span class='ocrx_word' id='word_1_44' title='bbox 1098 1054 1291 1138; x_wconf 81' lang='lat' dir='ltr'><strong>aegrotantis</strong></span> <span class='ocrx_word' id='word_1_45' title='bbox 1305 1054 1446 1118; x_wconf 70' lang='lat' dir='ltr'><strong>obtinuit</strong></span> 
     </span>
     <span class='ocr_line' id='line_1_7' title="bbox 299 1154 1419 1238; baseline 0.003 -21"><span class='ocrx_word' id='word_1_46' title='bbox 299 1154 411 1231; x_wconf 91' lang='lat' dir='ltr'><strong>locum,</strong></span> <span class='ocrx_word' id='word_1_47' title='bbox 441 1173 534 1237; x_wconf 90' lang='lat' dir='ltr'><strong>quem</strong></span> <span class='ocrx_word' id='word_1_48' title='bbox 563 1158 609 1220; x_wconf 86' lang='lat' dir='ltr'><strong>ita</strong></span> <span class='ocrx_word' id='word_1_49' title='bbox 637 1157 756 1238; x_wconf 83' lang='lat' dir='ltr'><strong>palpari</strong></span> <span class='ocrx_word' id='word_1_50' title='bbox 785 1173 907 1222; x_wconf 88' lang='lat' dir='ltr'><strong>necesse</strong></span> <span class='ocrx_word' id='word_1_51' title='bbox 937 1157 983 1221; x_wconf 88' lang='lat' dir='ltr'><strong>est</strong></span> <span class='ocrx_word' id='word_1_52' title='bbox 1011 1174 1048 1222; x_wconf 85' lang='lat' dir='ltr'><strong>uo</strong></span> <span class='ocrx_word' id='word_1_53' title='bbox 1070 1156 1179 1234; x_wconf 71' lang='lat' dir='ltr'><strong>leuari</strong></span> <span class='ocrx_word' id='word_1_54' title='bbox 1207 1157 1244 1220; x_wconf 88' lang='lat' dir='ltr'><strong>ut</strong></span> <span class='ocrx_word' id='word_1_55' title='bbox 1265 1155 1419 1220; x_wconf 83' lang='lat' dir='ltr'><strong>interdum</strong></span> 
     </span>
     <span class='ocr_line' id='line_1_8' title="bbox 300 1256 1420 1342; baseline 0.002 -21"><span class='ocrx_word' id='word_1_56' title='bbox 300 1256 395 1322; x_wconf 87' lang='lat' dir='ltr'><strong>etiam</strong></span> <span class='ocrx_word' id='word_1_57' title='bbox 418 1275 436 1321; x_wconf 91' lang='lat' dir='ltr'><strong>a</strong></span> <span class='ocrx_word' id='word_1_58' title='bbox 457 1258 549 1322; x_wconf 91' lang='lat' dir='ltr'><strong>rebus</strong></span> <span class='ocrx_word' id='word_1_59' title='bbox 571 1259 750 1323; x_wconf 87' lang='lat' dir='ltr'><strong>necessariis</strong></span> <span class='ocrx_word' id='word_1_60' title='bbox 773 1277 827 1341; x_wconf 90' lang='lat' dir='ltr'><strong>pro</strong></span> <span class='ocrx_word' id='word_1_61' title='bbox 852 1259 919 1324; x_wconf 90' lang='lat' dir='ltr'><strong>eius</strong></span> <span class='ocrx_word' id='word_1_62' title='bbox 950 1259 1055 1342; x_wconf 90' lang='lat' dir='ltr'><strong>quiete</strong></span> <span class='ocrx_word' id='word_1_63' title='bbox 1079 1277 1116 1324; x_wconf 86' lang='lat' dir='ltr'><strong>ac</strong></span> <span class='ocrx_word' id='word_1_64' title='bbox 1138 1277 1212 1341; x_wconf 86' lang='lat' dir='ltr'><strong>pace</strong></span> <span class='ocrx_word' id='word_1_65' title='bbox 1233 1258 1360 1323; x_wconf 85' lang='lat' dir='ltr'><strong>salubre</strong></span> <span class='ocrx_word' id='word_1_66' title='bbox 1382 1261 1420 1324; x_wconf 91' lang='lat' dir='ltr'><strong>sit</strong></span> 
     </span>
     <span class='ocr_line' id='line_1_9' title="bbox 299 1359 1417 1445; baseline 0.004 -22"><span class='ocrx_word' id='word_1_67' title='bbox 299 1359 417 1442; x_wconf 90' lang='lat' dir='ltr'><strong>aliquid</strong></span> <span class='ocrx_word' id='word_1_68' title='bbox 448 1360 588 1425; x_wconf 80' lang='lat' dir='ltr'><strong>relaxari.</strong></span> <span class='ocrx_word' id='word_1_69' title='bbox 627 1363 659 1424; x_wconf 92' lang='lat' dir='ltr'><strong>in</strong></span> <span class='ocrx_word' id='word_1_70' title='bbox 688 1376 749 1444; x_wconf 90' lang='lat' dir='ltr'><strong>quo</strong></span> <span class='ocrx_word' id='word_1_71' title='bbox 776 1361 902 1445; x_wconf 87' lang='lat' dir='ltr'><strong>quidem</strong></span> <span class='ocrx_word' id='word_1_72' title='bbox 932 1377 993 1425; x_wconf 91' lang='lat' dir='ltr'><strong>non</strong></span> <span class='ocrx_word' id='word_1_73' title='bbox 1023 1380 1055 1426; x_wconf 90' lang='lat' dir='ltr'><strong>se</strong></span> <span class='ocrx_word' id='word_1_74' title='bbox 1084 1362 1189 1426; x_wconf 87' lang='lat' dir='ltr'><strong>credat</strong></span> <span class='ocrx_word' id='word_1_75' title='bbox 1211 1362 1281 1442; x_wconf 90' lang='lat' dir='ltr'><strong>quis</strong></span> <span class='ocrx_word' id='word_1_76' title='bbox 1305 1362 1417 1444; x_wconf 88' lang='lat' dir='ltr'><strong>aliquid</strong></span> 
     </span>
     <span class='ocr_line' id='line_1_10' title="bbox 299 1462 1419 1548; baseline 0.004 -23"><span class='ocrx_word' id='word_1_77' title='bbox 299 1462 337 1525; x_wconf 91' lang='lat' dir='ltr'><strong>de</strong></span> <span class='ocrx_word' id='word_1_78' title='bbox 365 1481 422 1528; x_wconf 86' lang='lat' dir='ltr'><strong>sua</strong></span> <span class='ocrx_word' id='word_1_79' title='bbox 448 1465 635 1547; x_wconf 74' lang='lat' dir='ltr'><strong>perfectione</strong></span> <span class='ocrx_word' id='word_1_80' title='bbox 665 1465 824 1548; x_wconf 83' lang='lat' dir='ltr'><strong>minuisse,</strong></span> <span class='ocrx_word' id='word_1_81' title='bbox 856 1466 983 1530; x_wconf 83' lang='lat' dir='ltr'><strong>temetsi</strong></span> <span class='ocrx_word' id='word_1_82' title='bbox 1016 1466 1163 1548; x_wconf 87' lang='lat' dir='ltr'><strong>quiddam</strong></span> <span class='ocrx_word' id='word_1_83' title='bbox 1198 1463 1237 1529; x_wconf 88' lang='lat' dir='ltr'><strong>de</strong></span> <span class='ocrx_word' id='word_1_84' title='bbox 1264 1467 1419 1548; x_wconf 84' lang='lat' dir='ltr'><strong>proposita</strong></span> 
     </span>
     <span class='ocr_line' id='line_1_11' title="bbox 298 1566 1445 1644; baseline 0.003 -14"><span class='ocrx_word' id='word_1_85' title='bbox 298 1566 492 1632; x_wconf 76' lang='lat' dir='ltr'><strong>districtione</strong></span> <span class='ocrx_word' id='word_1_86' title='bbox 515 1567 788 1632; x_wconf 88' lang='lat' dir='ltr'><strong>condescendendo</strong></span> <span class='ocrx_word' id='word_1_87' title='bbox 809 1567 1000 1644; x_wconf 86' lang='lat' dir='ltr'><strong>submiserit,</strong></span> <span class='ocrx_word' id='word_1_88' title='bbox 1028 1569 1082 1632; x_wconf 89' lang='lat' dir='ltr'><strong>sed</strong></span> <span class='ocrx_word' id='word_1_89' title='bbox 1105 1587 1122 1631; x_wconf 93' lang='lat' dir='ltr'><strong>e</strong></span> <span class='ocrx_word' id='word_1_90' title='bbox 1145 1569 1300 1634; x_wconf 87' lang='lat' dir='ltr'><strong>contrario</strong></span> <span class='ocrx_word' id='word_1_91' title='bbox 1322 1569 1445 1634; x_wconf 81' lang='lat' dir='ltr'><strong>multon</strong></span> 
     </span>
     <span class='ocr_line' id='line_1_12' title="bbox 298 1670 1417 1754; baseline 0.004 -20"><span class='ocrx_word' id='word_1_92' title='bbox 298 1670 433 1752; x_wconf 81' lang='lat' dir='ltr'><strong>amplius</strong></span> <span class='ocrx_word' id='word_1_93' title='bbox 456 1689 490 1735; x_wconf 91' lang='lat' dir='ltr'><strong>se</strong></span> <span class='ocrx_word' id='word_1_94' title='bbox 512 1689 567 1753; x_wconf 91' lang='lat' dir='ltr'><strong>pro</strong></span> <span class='ocrx_word' id='word_1_95' title='bbox 595 1672 846 1753; x_wconf 78' lang='lat' dir='ltr'><strong>longanimitatis</strong></span> <span class='ocrx_word' id='word_1_96' title='bbox 870 1677 900 1736; x_wconf 91' lang='lat' dir='ltr'><strong>et</strong></span> <span class='ocrx_word' id='word_1_97' title='bbox 923 1671 1092 1754; x_wconf 86' lang='lat' dir='ltr'><strong>patientiae</strong></span> <span class='ocrx_word' id='word_1_98' title='bbox 1117 1671 1198 1737; x_wconf 91' lang='lat' dir='ltr'><strong>bono</strong></span> <span class='ocrx_word' id='word_1_99' title='bbox 1220 1675 1345 1737; x_wconf 88' lang='lat' dir='ltr'><strong>nouerit</strong></span> <span class='ocrx_word' id='word_1_100' title='bbox 1365 1673 1417 1738; x_wconf 87' lang='lat' dir='ltr'><strong>ud-</strong></span> 
     </span>
     <span class='ocr_line' id='line_1_13' title="bbox 297 1772 1417 1858; baseline 0.004 -23"><span class='ocrx_word' id='word_1_101' title='bbox 297 1772 438 1855; x_wconf 89' lang='lat' dir='ltr'><strong>quisisse.</strong></span> <span class='ocrx_word' id='word_1_102' title='bbox 491 1774 696 1856; x_wconf 87' lang='lat' dir='ltr'><strong>apostolicum</strong></span> <span class='ocrx_word' id='word_1_103' title='bbox 742 1793 875 1856; x_wconf 84' lang='lat' dir='ltr'><strong>numque</strong></span> <span class='ocrx_word' id='word_1_104' title='bbox 912 1775 1114 1857; x_wconf 86' lang='lat' dir='ltr'><strong>praeceptum</strong></span> <span class='ocrx_word' id='word_1_105' title='bbox 1152 1775 1213 1840; x_wconf 87' lang='lat' dir='ltr'><strong>est:</strong></span> <span class='ocrx_word' id='word_1_106' title='bbox 1251 1791 1321 1840; x_wconf 84' lang='lat' dir='ltr'><strong>uos</strong></span> <span class='ocrx_word' id='word_1_107' title='bbox 1357 1777 1417 1858; x_wconf 86' lang='lat' dir='ltr'><strong>qui</strong></span> 
     </span>
     <span class='ocr_line' id='line_1_14' title="bbox 297 1876 1416 1962; baseline 0.005 -23"><span class='ocrx_word' id='word_1_108' title='bbox 297 1876 422 1940; x_wconf 89' lang='lat' dir='ltr'><strong>lortes</strong></span> <span class='ocrx_word' id='word_1_109' title='bbox 452 1878 565 1955; x_wconf 88' lang='lat' dir='ltr'><strong>estis,</strong></span> <span class='ocrx_word' id='word_1_110' title='bbox 597 1877 899 1943; x_wconf 78' lang='lat' dir='ltr'><strong>inbecillitates</strong></span> <span class='ocrx_word' id='word_1_111' title='bbox 929 1877 1180 1943; x_wconf 88' lang='lat' dir='ltr'><strong>infirmorum</strong></span> <span class='ocrx_word' id='word_1_112' title='bbox 1205 1878 1416 1962; x_wconf 84' lang='lat' dir='ltr'><strong>sustinete,</strong></span> 
     </span>
     <span class='ocr_line' id='line_1_15' title="bbox 297 1980 1418 2063; baseline 0.004 -21"><span class='ocrx_word' id='word_1_113' title='bbox 297 1980 344 2043; x_wconf 87' lang='lat' dir='ltr'><strong>et:</strong></span> <span class='ocrx_word' id='word_1_114' title='bbox 373 1981 613 2044; x_wconf 85' lang='lat' dir='ltr'><strong>alterutrum</strong></span> <span class='ocrx_word' id='word_1_115' title='bbox 642 1999 763 2046; x_wconf 84' lang='lat' dir='ltr'><strong>onera</strong></span> <span class='ocrx_word' id='word_1_116' title='bbox 792 1985 927 2046; x_wconf 89' lang='lat' dir='ltr'><strong>uestra</strong></span> <span class='ocrx_word' id='word_1_117' title='bbox 954 1983 1131 2063; x_wconf 82' lang='lat' dir='ltr'><strong>portate,</strong></span> <span class='ocrx_word' id='word_1_118' title='bbox 1167 1983 1205 2046; x_wconf 90' lang='lat' dir='ltr'><strong>et</strong></span> <span class='ocrx_word' id='word_1_119' title='bbox 1231 1983 1290 2048; x_wconf 88' lang='lat' dir='ltr'><strong>sio</strong></span> <span class='ocrx_word' id='word_1_120' title='bbox 1317 1982 1418 2048; x_wconf 84' lang='lat' dir='ltr'><strong>adin·</strong></span> 
     </span>
     <span class='ocr_line' id='line_1_16' title="bbox 297 2082 1445 2167; baseline 0.002 -22"><span class='ocrx_word' id='word_1_121' title='bbox 297 2082 464 2165; x_wconf 84' lang='lat' dir='ltr'><strong>plebitis</strong></span> <span class='ocrx_word' id='word_1_122' title='bbox 485 2083 609 2167; x_wconf 84' lang='lat' dir='ltr'><strong>legem</strong></span> <span class='ocrx_word' id='word_1_123' title='bbox 627 2082 791 2148; x_wconf 82' lang='lat' dir='ltr'><strong>Christi.</strong></span> <span class='ocrx_word' id='word_1_124' title='bbox 824 2097 994 2166; x_wconf 87' lang='lat' dir='ltr'><strong>numquam</strong></span> <span class='ocrx_word' id='word_1_125' title='bbox 1011 2086 1094 2149; x_wconf 85' lang='lat' dir='ltr'><strong>enim</strong></span> <span class='ocrx_word' id='word_1_126' title='bbox 1108 2085 1251 2150; x_wconf 87' lang='lat' dir='ltr'><strong>infirmus</strong></span> <span class='ocrx_word' id='word_1_127' title='bbox 1266 2087 1445 2150; x_wconf 80' lang='lat' dir='ltr'><strong>sustentatu</strong></span> 
     </span>
     <span class='ocr_line' id='line_1_17' title="bbox 296 2186 1417 2271; baseline -0.001 -19"><span class='ocrx_word' id='word_1_128' title='bbox 296 2186 454 2252; x_wconf 88' lang='lat' dir='ltr'><strong>infirmum</strong></span> <span class='ocrx_word' id='word_1_129' title='bbox 484 2205 540 2252; x_wconf 90' lang='lat' dir='ltr'><strong>nec</strong></span> <span class='ocrx_word' id='word_1_130' title='bbox 567 2189 700 2253; x_wconf 83' lang='lat' dir='ltr'><strong>tolerare</strong></span> <span class='ocrx_word' id='word_1_131' title='bbox 727 2189 844 2271; x_wconf 86' lang='lat' dir='ltr'><strong>poterit</strong></span> <span class='ocrx_word' id='word_1_132' title='bbox 873 2193 927 2252; x_wconf 83' lang='lat' dir='ltr'><strong>aut</strong></span> <span class='ocrx_word' id='word_1_133' title='bbox 955 2199 1061 2253; x_wconf 87' lang='lat' dir='ltr'><strong>curare</strong></span> <span class='ocrx_word' id='word_1_134' title='bbox 1088 2187 1291 2271; x_wconf 81' lang='lat' dir='ltr'><strong>languentem</strong></span> <span class='ocrx_word' id='word_1_135' title='bbox 1321 2188 1417 2270; x_wconf 87' lang='lat' dir='ltr'><strong>isqui</strong></span> 
     </span>
     <span class='ocr_line' id='line_1_18' title="bbox 296 2290 1416 2374; baseline 0 -20"><span class='ocrx_word' id='word_1_136' title='bbox 296 2290 443 2354; x_wconf 88' lang='lat' dir='ltr'><strong>similiter</strong></span> <span class='ocrx_word' id='word_1_137' title='bbox 476 2293 626 2374; x_wconf 73' lang='lat' dir='ltr'><strong>aegrotat,</strong></span> <span class='ocrx_word' id='word_1_138' title='bbox 662 2292 715 2356; x_wconf 89' lang='lat' dir='ltr'><strong>sed</strong></span> <span class='ocrx_word' id='word_1_139' title='bbox 750 2291 805 2356; x_wconf 92' lang='lat' dir='ltr'><strong>ille</strong></span> <span class='ocrx_word' id='word_1_140' title='bbox 838 2291 1006 2356; x_wconf 82' lang='lat' dir='ltr'><strong>medellam</strong></span> <span class='ocrx_word' id='word_1_141' title='bbox 1040 2290 1155 2356; x_wconf 86' lang='lat' dir='ltr'><strong>tribuit</strong></span> <span class='ocrx_word' id='word_1_142' title='bbox 1188 2291 1335 2357; x_wconf 89' lang='lat' dir='ltr'><strong>inbecillo</strong></span> <span class='ocrx_word' id='word_1_143' title='bbox 1368 2291 1416 2374; x_wconf 87' lang='lat' dir='ltr'><strong>qni</strong></span> 
     </span>
     <span class='ocr_line' id='line_1_19' title="bbox 295 2392 1415 2476; baseline 0 -19"><span class='ocrx_word' id='word_1_144' title='bbox 295 2392 496 2458; x_wconf 83' lang='lat' dir='ltr'><strong>inbecillitati</strong></span> <span class='ocrx_word' id='word_1_145' title='bbox 524 2395 591 2476; x_wconf 89' lang='lat' dir='ltr'><strong>ipse</strong></span> <span class='ocrx_word' id='word_1_146' title='bbox 620 2411 679 2459; x_wconf 93' lang='lat' dir='ltr'><strong>non</strong></span> <span class='ocrx_word' id='word_1_147' title='bbox 709 2393 860 2458; x_wconf 85' lang='lat' dir='ltr'><strong>subiacet.</strong></span> <span class='ocrx_word' id='word_1_148' title='bbox 898 2395 1008 2459; x_wconf 89' lang='lat' dir='ltr'><strong>merito</strong></span> <span class='ocrx_word' id='word_1_149' title='bbox 1035 2395 1118 2460; x_wconf 91' lang='lat' dir='ltr'><strong>enim</strong></span> <span class='ocrx_word' id='word_1_150' title='bbox 1142 2393 1170 2460; x_wconf 90' lang='lat' dir='ltr'><strong>ci</strong></span> <span class='ocrx_word' id='word_1_151' title='bbox 1194 2395 1326 2460; x_wconf 89' lang='lat' dir='ltr'><strong>dicitur:</strong></span> <span class='ocrx_word' id='word_1_152' title='bbox 1348 2411 1415 2458; x_wconf 75' lang='lat' dir='ltr'><strong>mo</strong></span> 
     </span>
     <span class='ocr_line' id='line_1_20' title="bbox 294 2496 729 2577; baseline -0.009 -15"><span class='ocrx_word' id='word_1_153' title='bbox 294 2496 397 2574; x_wconf 88' lang='lat' dir='ltr'><strong>dice,</strong></span> <span class='ocrx_word' id='word_1_154' title='bbox 421 2514 512 2561; x_wconf 85' lang='lat' dir='ltr'><strong>cura</strong></span> <span class='ocrx_word' id='word_1_155' title='bbox 534 2501 570 2560; x_wconf 88' lang='lat' dir='ltr'><strong>te</strong></span> <span class='ocrx_word' id='word_1_156' title='bbox 592 2497 729 2577; x_wconf 85' lang='lat' dir='ltr'><strong>ipsum.</strong></span> 
     </span>
    </p>
   </div>
   <div class='ocr_carea' id='block_1_3' title="bbox 283 2613 1443 3421">
    <p class='ocr_par' dir='ltr' id='par_1_3' title="bbox 283 2613 1443 3421">
     <span class='ocr_line' id='line_1_21' title="bbox 336 2613 1443 2682; baseline 0 -1"><span class='ocrx_word' id='word_1_157' title='bbox 336 2616 474 2682; x_wconf 84' lang='lat' dir='ltr'>XXIIII.</span> <span class='ocrx_word' id='word_1_158' title='bbox 509 2616 688 2681; x_wconf 81' lang='lat' dir='ltr'><strong>Notandum</strong></span> <span class='ocrx_word' id='word_1_159' title='bbox 722 2616 818 2680; x_wconf 90' lang='lat' dir='ltr'><strong>etiam</strong></span> <span class='ocrx_word' id='word_1_160' title='bbox 854 2616 933 2682; x_wconf 89' lang='lat' dir='ltr'><strong>illud</strong></span> <span class='ocrx_word' id='word_1_161' title='bbox 967 2619 1013 2680; x_wconf 89' lang='lat' dir='ltr'><strong>est</strong></span> <span class='ocrx_word' id='word_1_162' title='bbox 1045 2613 1242 2680; x_wconf 84' lang='lat' dir='ltr'><strong>infirmorum</strong></span> <span class='ocrx_word' id='word_1_163' title='bbox 1276 2622 1443 2682; x_wconf 80' lang='lat' dir='ltr'><strong>naturamuc</strong></span> 
     </span>
     <span class='ocr_line' id='line_1_22' title="bbox 294 2712 1414 2801; baseline 0 -18"><span class='ocrx_word' id='word_1_164' title='bbox 294 2737 360 2783; x_wconf 89' lang='lat' dir='ltr'><strong>esse</strong></span> <span class='ocrx_word' id='word_1_165' title='bbox 383 2727 503 2800; x_wconf 83' lang='lat' dir='ltr'><strong>semper</strong></span> <span class='ocrx_word' id='word_1_166' title='bbox 525 2717 713 2799; x_wconf 84' lang='lat' dir='ltr'><strong>huiusmodi,</strong></span> <span class='ocrx_word' id='word_1_167' title='bbox 736 2721 775 2784; x_wconf 89' lang='lat' dir='ltr'><strong>ut</strong></span> <span class='ocrx_word' id='word_1_168' title='bbox 795 2719 933 2801; x_wconf 82' lang='lat' dir='ltr'><strong>ptompti</strong></span> <span class='ocrx_word' id='word_1_169' title='bbox 959 2712 1091 2801; x_wconf 79' lang='lat' dir='ltr'><strong>quidem·</strong></span> <span class='ocrx_word' id='word_1_170' title='bbox 1110 2737 1146 2783; x_wconf 84' lang='lat' dir='ltr'><strong>ac</strong></span> <span class='ocrx_word' id='word_1_171' title='bbox 1169 2717 1277 2785; x_wconf 81' lang='lat' dir='ltr'><strong>faciles</strong></span> <span class='ocrx_word' id='word_1_172' title='bbox 1300 2719 1365 2784; x_wconf 92' lang='lat' dir='ltr'><strong>sint</strong></span> <span class='ocrx_word' id='word_1_173' title='bbox 1379 2718 1414 2783; x_wconf 84' lang='lat' dir='ltr'><strong>ad</strong></span> 
     </span>
     <span class='ocr_line' id='line_1_23' title="bbox 294 2821 1413 2904; baseline 0 -18"><span class='ocrx_word' id='word_1_174' title='bbox 294 2821 499 2886; x_wconf 80' lang='lat' dir='ltr'><strong>contumelias</strong></span> <span class='ocrx_word' id='word_1_175' title='bbox 533 2823 717 2902; x_wconf 68' lang='lat' dir='ltr'><strong>ingerendas</strong></span> <span class='ocrx_word' id='word_1_176' title='bbox 750 2825 783 2887; x_wconf 89' lang='lat' dir='ltr'><strong>et</strong></span> <span class='ocrx_word' id='word_1_177' title='bbox 816 2821 917 2904; x_wconf 82' lang='lat' dir='ltr'><strong>iurgia</strong></span> <span class='ocrx_word' id='word_1_178' title='bbox 951 2825 1148 2904; x_wconf 82' lang='lat' dir='ltr'><strong>censerenda,</strong></span> <span class='ocrx_word' id='word_1_179' title='bbox 1185 2822 1245 2903; x_wconf 87' lang='lat' dir='ltr'><strong>ipsi</strong></span> <span class='ocrx_word' id='word_1_180' title='bbox 1278 2841 1352 2887; x_wconf 87' lang='lat' dir='ltr'><strong>uero</strong></span> <span class='ocrx_word' id='word_1_181' title='bbox 1379 2839 1413 2886; x_wconf 88' lang='lat' dir='ltr'><strong>ne</strong></span> 
     </span>
     <span class='ocr_line' id='line_1_24' title="bbox 294 2925 1414 3008; baseline 0 -20"><span class='ocrx_word' id='word_1_182' title='bbox 294 2925 427 2989; x_wconf 87' lang='lat' dir='ltr'><strong>minima</strong></span> <span class='ocrx_word' id='word_1_183' title='bbox 455 2926 583 3007; x_wconf 86' lang='lat' dir='ltr'><strong>quidem·</strong></span> <span class='ocrx_word' id='word_1_184' title='bbox 608 2927 740 2990; x_wconf 88' lang='lat' dir='ltr'><strong>iniuriae</strong></span> <span class='ocrx_word' id='word_1_185' title='bbox 767 2925 868 2990; x_wconf 88' lang='lat' dir='ltr'><strong>uelint</strong></span> <span class='ocrx_word' id='word_1_186' title='bbox 897 2925 1073 3007; x_wconf 83' lang='lat' dir='ltr'><strong>suspicione</strong></span> <span class='ocrx_word' id='word_1_187' title='bbox 1102 2925 1251 3008; x_wconf 84' lang='lat' dir='ltr'><strong>contingi,</strong></span> <span class='ocrx_word' id='word_1_188' title='bbox 1290 2941 1414 3006; x_wconf 89' lang='lat' dir='ltr'><strong>cumque</strong></span> 
     </span>
     <span class='ocr_line' id='line_1_25' title="bbox 283 3027 1413 3111; baseline 0.001 -22"><span class='ocrx_word' id='word_1_189' title='bbox 283 3027 469 3093; x_wconf 79' lang='lat' dir='ltr'><strong>‚inferentes</strong></span> <span class='ocrx_word' id='word_1_190' title='bbox 491 3029 639 3111; x_wconf 83' lang='lat' dir='ltr'><strong>protenus</strong></span> <span class='ocrx_word' id='word_1_191' title='bbox 661 3027 803 3093; x_wconf 89' lang='lat' dir='ltr'><strong>conuicia</strong></span> <span class='ocrx_word' id='word_1_192' title='bbox 825 3029 1055 3093; x_wconf 84' lang='lat' dir='ltr'><strong>inconsiderata</strong></span> <span class='ocrx_word' id='word_1_193' title='bbox 1077 3028 1312 3110; x_wconf 85' lang='lat' dir='ltr'><strong>superequitent</strong></span> <span class='ocrx_word' id='word_1_194' title='bbox 1327 3027 1413 3093; x_wconf 90' lang='lat' dir='ltr'><strong>liber·</strong></span> 
     </span>
     <span class='ocr_line' id='line_1_26' title="bbox 293 3129 1439 3216; baseline -0.002 -20"><span class='ocrx_word' id='word_1_195' title='bbox 293 3134 370 3208; x_wconf 85' lang='lat' dir='ltr'><strong>tate,</strong></span> <span class='ocrx_word' id='word_1_196' title='bbox 404 3142 448 3197; x_wconf 82' lang='lat' dir='ltr'><strong>ne</strong></span> <span class='ocrx_word' id='word_1_197' title='bbox 475 3148 573 3214; x_wconf 86' lang='lat' dir='ltr'><strong>parua</strong></span> <span class='ocrx_word' id='word_1_198' title='bbox 606 3131 732 3216; x_wconf 78' lang='lat' dir='ltr'><strong>quidem</strong></span> <span class='ocrx_word' id='word_1_199' title='bbox 769 3137 862 3215; x_wconf 86' lang='lat' dir='ltr'><strong>atque</strong></span> <span class='ocrx_word' id='word_1_200' title='bbox 900 3133 1061 3197; x_wconf 89' lang='lat' dir='ltr'><strong>leuissima</strong></span> <span class='ocrx_word' id='word_1_201' title='bbox 1093 3131 1247 3197; x_wconf 88' lang='lat' dir='ltr'><strong>sustinere</strong></span> <span class='ocrx_word' id='word_1_202' title='bbox 1280 3129 1439 3195; x_wconf 76' lang='lat' dir='ltr'><strong>contentia</strong></span> 
     </span>
     <span class='ocr_line' id='line_1_27' title="bbox 292 3233 1411 3317; baseline -0.001 -18"><span class='ocrx_word' id='word_1_203' title='bbox 292 3237 378 3300; x_wconf 89' lang='lat' dir='ltr'><strong>sunt.</strong></span> <span class='ocrx_word' id='word_1_204' title='bbox 429 3235 560 3317; x_wconf 90' lang='lat' dir='ltr'><strong>ideoque</strong></span> <span class='ocrx_word' id='word_1_205' title='bbox 598 3235 768 3300; x_wconf 89' lang='lat' dir='ltr'><strong>secundum</strong></span> <span class='ocrx_word' id='word_1_206' title='bbox 807 3236 1001 3317; x_wconf 82' lang='lat' dir='ltr'><strong>praedictam</strong></span> <span class='ocrx_word' id='word_1_207' title='bbox 1038 3236 1193 3300; x_wconf 84' lang='lat' dir='ltr'><strong>seniorum</strong></span> <span class='ocrx_word' id='word_1_208' title='bbox 1230 3233 1411 3299; x_wconf 80' lang='lat' dir='ltr'><strong>sententiam</strong></span> 
     </span>
     <span class='ocr_line' id='line_1_28' title="bbox 292 3335 1411 3421; baseline -0.004 -18"><span class='ocrx_word' id='word_1_209' title='bbox 292 3339 407 3403; x_wconf 86' lang='lat' dir='ltr'><strong>caritas</strong></span> <span class='ocrx_word' id='word_1_210' title='bbox 441 3337 565 3402; x_wconf 87' lang='lat' dir='ltr'><strong>stabilis</strong></span> <span class='ocrx_word' id='word_1_211' title='bbox 595 3340 688 3421; x_wconf 87' lang='lat' dir='ltr'><strong>atque</strong></span> <span class='ocrx_word' id='word_1_212' title='bbox 721 3339 898 3421; x_wconf 85' lang='lat' dir='ltr'><strong>indisrupta</strong></span> <span class='ocrx_word' id='word_1_213' title='bbox 925 3356 987 3403; x_wconf 92' lang='lat' dir='ltr'><strong>non</strong></span> <span class='ocrx_word' id='word_1_214' title='bbox 1015 3338 1130 3421; x_wconf 90' lang='lat' dir='ltr'><strong>poterit</strong></span> <span class='ocrx_word' id='word_1_215' title='bbox 1159 3337 1329 3419; x_wconf 86' lang='lat' dir='ltr'><strong>perdurare</strong></span> <span class='ocrx_word' id='word_1_216' title='bbox 1357 3335 1411 3401; x_wconf 89' lang='lat' dir='ltr'><strong>nisi</strong></span> 
     </span>
    </p>
   </div>
   <div class='ocr_carea' id='block_1_4' title="bbox 396 3566 1225 3636">
    <p class='ocr_par' dir='ltr' id='par_1_4' title="bbox 396 3566 1225 3636">
     <span class='ocr_line' id='line_1_29' title="bbox 396 3566 1225 3636; baseline 0 -16"><span class='ocrx_word' id='word_1_217' title='bbox 396 3566 428 3620; x_wconf 80' lang='lat'><strong>12</strong></span> <span class='ocrx_word' id='word_1_218' title='bbox 446 3567 522 3622; x_wconf 84' lang='lat' dir='ltr'><strong>Rom.</strong></span> <span class='ocrx_word' id='word_1_219' title='bbox 541 3567 617 3633; x_wconf 84' lang='lat'>15‚1</span> <span class='ocrx_word' id='word_1_220' title='bbox 721 3569 756 3622; x_wconf 82' lang='lat'><strong>14</strong></span> <span class='ocrx_word' id='word_1_221' title='bbox 774 3567 833 3622; x_wconf 84' lang='lat' dir='ltr'><strong>Gal.</strong></span> <span class='ocrx_word' id='word_1_222' title='bbox 852 3567 913 3636; x_wconf 80' lang='lat'><strong>6,2</strong></span> <span class='ocrx_word' id='word_1_223' title='bbox 1018 3567 1050 3622; x_wconf 89' lang='lat'><strong>18</strong></span> <span class='ocrx_word' id='word_1_224' title='bbox 1068 3567 1131 3621; x_wconf 88' lang='lat' dir='ltr'><strong>Luc.</strong></span> <span class='ocrx_word' id='word_1_225' title='bbox 1147 3566 1172 3631; x_wconf 85' lang='lat'><strong>4,</strong></span> <span class='ocrx_word' id='word_1_226' title='bbox 1190 3566 1225 3620; x_wconf 81' lang='lat'><strong>23</strong></span> 
     </span>
    </p>
   </div>
   <div class='ocr_carea' id='block_1_5' title="bbox 291 3779 1410 3933">
    <p class='ocr_par' dir='ltr' id='par_1_5' title="bbox 291 3779 1410 3933">
     <span class='ocr_line' id='line_1_30' title="bbox 342 3779 1410 3850; baseline -0.003 -17"><span class='ocrx_word' id='word_1_227' title='bbox 342 3779 545 3848; x_wconf 85' lang='lat' dir='ltr'><strong>3pertinatior</strong></span> <span class='ocrx_word' id='word_1_228' title='bbox 567 3781 597 3831; x_wconf 88' lang='grc' dir='ltr'><em>Π</em></span> <span class='ocrx_word' id='word_1_229' title='bbox 697 3781 908 3850; x_wconf 78' lang='lat' dir='ltr'><strong>baegrotantes</strong></span> <span class='ocrx_word' id='word_1_230' title='bbox 930 3781 971 3832; x_wconf 75' lang='grc' dir='ltr'><strong>Πι</strong></span> <span class='ocrx_word' id='word_1_231' title='bbox 1073 3781 1180 3848; x_wconf 87' lang='lat' dir='ltr'><strong>optinet</strong></span> <span class='ocrx_word' id='word_1_232' title='bbox 1202 3781 1262 3833; x_wconf 75' lang='grc' dir='ltr'><strong>ΣΤ</strong></span> <span class='ocrx_word' id='word_1_233' title='bbox 1361 3779 1410 3832; x_wconf 77' lang='lat' dir='ltr'><strong>&#39;is</strong></span> 
     </span>
     <span class='ocr_line' id='line_1_31' title="bbox 291 3863 1408 3933; baseline -0.002 -13"><span class='ocrx_word' id='word_1_234' title='bbox 291 3865 385 3920; x_wconf 82' lang='lat' dir='ltr'><strong>em.0</strong></span> <span class='ocrx_word' id='word_1_235' title='bbox 488 3865 522 3920; x_wconf 90' lang='grc'><strong>10</strong></span> <span class='ocrx_word' id='word_1_236' title='bbox 544 3865 716 3920; x_wconf 76' lang='lat' dir='ltr'><strong>destrictione</strong></span> <span class='ocrx_word' id='word_1_237' title='bbox 734 3867 793 3920; x_wconf 86' lang='grc' dir='ltr'><strong>ΣΟ</strong></span> <span class='ocrx_word' id='word_1_238' title='bbox 895 3865 1062 3919; x_wconf 88' lang='lat' dir='ltr'><strong>summiserit</strong></span> <span class='ocrx_word' id='word_1_239' title='bbox 1080 3865 1139 3918; x_wconf 89' lang='grc' dir='ltr'><strong>ΠΟ</strong></span> <span class='ocrx_word' id='word_1_240' title='bbox 1243 3867 1275 3920; x_wconf 95' lang='grc'><strong>11</strong></span> <span class='ocrx_word' id='word_1_241' title='bbox 1292 3863 1408 3933; x_wconf 76' lang='lat' dir='ltr'><strong>longani-</strong></span> 
     </span>
    </p>
   </div>
   <div class='ocr_carea' id='block_1_6' title="bbox 290 3943 1521 4018">
    <p class='ocr_par' dir='ltr' id='par_1_6' title="bbox 290 3943 1521 4018">
     <span class='ocr_line' id='line_1_32' title="bbox 290 3943 1521 4018; baseline -0.002 -14"><span class='ocrx_word' id='word_1_242' title='bbox 290 3951 399 4004; x_wconf 74' lang='lat' dir='ltr'><strong>minues</strong></span> <span class='ocrx_word' id='word_1_243' title='bbox 417 3947 455 4002; x_wconf 77' lang='grc' dir='ltr'><strong>Π·</strong></span> <span class='ocrx_word' id='word_1_244' title='bbox 560 3951 593 4004; x_wconf 77' lang='lat'><strong>13</strong></span> <span class='ocrx_word' id='word_1_245' title='bbox 616 3950 823 4005; x_wconf 81' lang='lat' dir='ltr'><strong>inbeccillitatea</strong></span> <span class='ocrx_word' id='word_1_246' title='bbox 842 3951 869 4002; x_wconf 83' lang='grc' dir='ltr'><strong><em>Σ</em></strong></span> <span class='ocrx_word' id='word_1_247' title='bbox 973 3950 1005 4004; x_wconf 89' lang='grc'><strong>14</strong></span> <span class='ocrx_word' id='word_1_248' title='bbox 1022 3949 1125 4003; x_wconf 78' lang='lat' dir='ltr'><strong>honera</strong></span> <span class='ocrx_word' id='word_1_249' title='bbox 1138 3943 1168 4001; x_wconf 88' lang='grc'><strong>11</strong></span> <span class='ocrx_word' id='word_1_250' title='bbox 1271 3947 1409 4018; x_wconf 77' lang='lat' dir='ltr'><strong>implebitis</strong></span> <span class='ocrx_word' id='word_1_251' title='bbox 1520 3969 1521 4010; x_wconf 74' lang='lat' dir='ltr'><strong>i</strong></span> 
     </span>
    </p>
   </div>
   <div class='ocr_carea' id='block_1_7' title="bbox 290 4029 1409 4450">
    <p class='ocr_par' dir='ltr' id='par_1_7' title="bbox 290 4029 1409 4450">
     <span class='ocr_line' id='line_1_33' title="bbox 290 4029 1409 4090; baseline 0.001 -3"><span class='ocrx_word' id='word_1_252' title='bbox 290 4036 348 4087; x_wconf 72' lang='lat' dir='ltr'><strong>lll&#39;</strong></span> <span class='ocrx_word' id='word_1_253' title='bbox 449 4037 481 4090; x_wconf 82' lang='grc'><strong>16</strong></span> <span class='ocrx_word' id='word_1_254' title='bbox 499 4036 542 4089; x_wconf 85' lang='lat' dir='ltr'><strong>bis</strong></span> <span class='ocrx_word' id='word_1_255' title='bbox 559 4029 625 4089; x_wconf 75' lang='lat'><strong>110¹</strong></span> <span class='ocrx_word' id='word_1_256' title='bbox 723 4035 755 4089; x_wconf 74' lang='lat'><strong>17</strong></span> <span class='ocrx_word' id='word_1_257' title='bbox 773 4036 901 4090; x_wconf 87' lang='lat' dir='ltr'><strong>medelam</strong></span> <span class='ocrx_word' id='word_1_258' title='bbox 920 4037 991 4088; x_wconf 64' lang='lat' dir='ltr'><strong>H’ll</strong></span> <span class='ocrx_word' id='word_1_259' title='bbox 1086 4031 1192 4090; x_wconf 78' lang='lat' dir='ltr'><strong>tribuet</strong></span> <span class='ocrx_word' id='word_1_260' title='bbox 1208 4039 1234 4088; x_wconf 71' lang='grc' dir='ltr'><em>Τ</em></span> <span class='ocrx_word' id='word_1_261' title='bbox 1326 4034 1409 4089; x_wconf 79' lang='lat' dir='ltr'><strong>iubac·</strong></span> 
     </span>
     <span class='ocr_line' id='line_1_34' title="bbox 291 4114 1408 4175; baseline -0.002 -1"><span class='ocrx_word' id='word_1_262' title='bbox 291 4121 354 4175; x_wconf 89' lang='lat' dir='ltr'><strong>cillo</strong></span> <span class='ocrx_word' id='word_1_263' title='bbox 371 4122 400 4173; x_wconf 88' lang='grc' dir='ltr'><em>Σ</em></span> <span class='ocrx_word' id='word_1_264' title='bbox 425 4114 548 4174; x_wconf 81' lang='lat' dir='ltr'><strong>inbibillc</strong></span> <span class='ocrx_word' id='word_1_265' title='bbox 564 4124 590 4172; x_wconf 80' lang='lat' dir='ltr'><strong>l&#39;</strong></span> <span class='ocrx_word' id='word_1_266' title='bbox 685 4120 717 4174; x_wconf 88' lang='grc'>18</span> <span class='ocrx_word' id='word_1_267' title='bbox 735 4120 921 4175; x_wconf 84' lang='lat' dir='ltr'><strong>inbcccillituti</strong></span> <span class='ocrx_word' id='word_1_268' title='bbox 941 4119 969 4173; x_wconf 83' lang='grc' dir='ltr'><em>Σ</em></span> <span class='ocrx_word' id='word_1_269' title='bbox 996 4121 1183 4175; x_wconf 83' lang='lat' dir='ltr'><strong>inbecillitatis</strong></span> <span class='ocrx_word' id='word_1_270' title='bbox 1201 4118 1261 4175; x_wconf 76' lang='lat' dir='ltr'><strong>ne)</strong></span> <span class='ocrx_word' id='word_1_271' title='bbox 1286 4114 1408 4174; x_wconf 69' lang='lat' dir='ltr'><strong>submili-</strong></span> 
     </span>
     <span class='ocr_line' id='line_1_35' title="bbox 290 4207 1346 4264; baseline -0.001 -2"><span class='ocrx_word' id='word_1_272' title='bbox 290 4211 343 4264; x_wconf 83' lang='lat' dir='ltr'><strong>tsti</strong></span> <span class='ocrx_word' id='word_1_273' title='bbox 367 4210 393 4260; x_wconf 71' lang='lat' dir='ltr'><strong>l*</strong></span> <span class='ocrx_word' id='word_1_274' title='bbox 492 4209 517 4261; x_wconf 92' lang='lat' dir='ltr'><strong>ei</strong></span> <span class='ocrx_word' id='word_1_275' title='bbox 540 4223 589 4262; x_wconf 86' lang='lat' dir='ltr'><strong>cm.</strong></span> <span class='ocrx_word' id='word_1_276' title='bbox 613 4208 643 4258; x_wconf 90' lang='grc' dir='ltr'>Π</span> <span class='ocrx_word' id='word_1_277' title='bbox 743 4209 848 4262; x_wconf 89' lang='lat' dir='ltr'><strong>dicetur</strong></span> <span class='ocrx_word' id='word_1_278' title='bbox 871 4209 925 4262; x_wconf 76' lang='grc' dir='ltr'><strong>ΤΟ</strong></span> <span class='ocrx_word' id='word_1_279' title='bbox 1027 4209 1058 4262; x_wconf 79' lang='lat'><strong>21</strong></span> <span class='ocrx_word' id='word_1_280' title='bbox 1084 4207 1216 4262; x_wconf 87' lang='lat' dir='ltr'><strong>eiusmodi</strong></span> <span class='ocrx_word' id='word_1_281' title='bbox 1238 4209 1346 4262; x_wconf 71' lang='lat' dir='ltr'><strong>iidoc</strong></span> 
     </span>
     <span class='ocr_line' id='line_1_36' title="bbox 291 4292 1348 4364; baseline -0.001 -17"><span class='ocrx_word' id='word_1_282' title='bbox 291 4295 391 4364; x_wconf 86' lang='lat' dir='ltr'><strong>promti</strong></span> <span class='ocrx_word' id='word_1_283' title='bbox 409 4295 468 4347; x_wconf 83' lang='grc' dir='ltr'><strong>ΣΟ</strong></span> <span class='ocrx_word' id='word_1_284' title='bbox 496 4293 614 4362; x_wconf 87' lang='lat' dir='ltr'><strong>pmmpti</strong></span> <span class='ocrx_word' id='word_1_285' title='bbox 631 4292 667 4347; x_wconf 58' lang='lat' dir='ltr'><strong>l0¹</strong></span> <span class='ocrx_word' id='word_1_286' title='bbox 769 4297 803 4349; x_wconf 76' lang='lat'><strong>22</strong></span> <span class='ocrx_word' id='word_1_287' title='bbox 826 4296 995 4349; x_wconf 88' lang='lat' dir='ltr'><strong>contumilias</strong></span> <span class='ocrx_word' id='word_1_288' title='bbox 1018 4296 1048 4346; x_wconf 90' lang='grc' dir='ltr'><strong><em>Π</em></strong></span> <span class='ocrx_word' id='word_1_289' title='bbox 1149 4293 1300 4349; x_wconf 79' lang='lat' dir='ltr'><strong>inferendas</strong></span> <span class='ocrx_word' id='word_1_290' title='bbox 1322 4295 1348 4346; x_wconf 80' lang='lat' dir='ltr'><strong>‘P</strong></span> 
     </span>
     <span class='ocr_line' id='line_1_37' title="bbox 290 4379 1107 4450; baseline -0.001 -15"><span class='ocrx_word' id='word_1_291' title='bbox 290 4379 450 4435; x_wconf 73' lang='lat' dir='ltr'><strong>conserenda</strong></span> <span class='ocrx_word' id='word_1_292' title='bbox 467 4380 505 4432; x_wconf 73' lang='grc' dir='ltr'><strong>Πι</strong></span> <span class='ocrx_word' id='word_1_293' title='bbox 608 4379 643 4434; x_wconf 80' lang='lat'><strong>23</strong></span> <span class='ocrx_word' id='word_1_294' title='bbox 664 4381 806 4450; x_wconf 87' lang='lat' dir='ltr'><strong>suspicioni</strong></span> <span class='ocrx_word' id='word_1_295' title='bbox 824 4382 863 4432; x_wconf 85' lang='grc' dir='ltr'><strong>11ι</strong></span> <span class='ocrx_word' id='word_1_296' title='bbox 966 4380 1001 4436; x_wconf 72' lang='lat' dir='ltr'><strong>ab</strong></span> <span class='ocrx_word' id='word_1_297' title='bbox 1017 4381 1107 4434; x_wconf 85' lang='lat' dir='ltr'><strong>neco</strong></span> 
     </span>
    </p>
   </div>
   <div class='ocr_carea' id='block_1_8' title="bbox 0 0 1550 4967">
    <p class='ocr_par' dir='ltr' id='par_1_8' title="bbox 0 0 1550 4967">
     <span class='ocr_line' id='line_1_38' title="bbox 0 0 1550 4967; baseline 0 4"><span class='ocrx_word' id='word_1_298' title='bbox 0 0 1550 4967; x_wconf 95' lang='lat' dir='ltr'><strong> </strong></span> 
     </span>
    </p>
   </div>
  </div>
 </body>
</html>
