3092 4967
492 452 649 510 Conlatio
673 453 793 520 XXIIII,
813 456 856 510 ld.
1171 461 1234 528 639

110 649 262 724 reuertar,
284 645 396 729 inquit,
420 647 461 711 ed
483 645 646 712 olultatem
668 665 772 712 meam
790 646 943 730 illumque
957 651 1099 731 repetem
1113 649 1233 714 tenuis·

109 751 227 816 simum
257 753 430 832 quaestum,
460 767 496 814 er
526 767 586 834 qno
615 749 693 816 mibi
724 750 848 833 expleta
876 750 963 817 omni
992 754 1128 834 corporis
1150 771 1234 836 cure,

110 855 193 936 quod
223 855 261 919 ad
291 853 551 918 sustentationem
581 853 751 919 senectutis
782 858 980 931 excresceret,
1003 855 1159 924 enudare
1179 873 1233 920 er-

108 957 274 1023 uberante
310 956 498 1022 conferebat.
544 959 624 1039 quod
661 959 804 1040 quamuis
840 975 973 1040 paruum
1010 957 1170 1024 ulderetnr
1201 955 1265 1022 et4

88 1065 214 1137 eterne,
237 1077 297 1126 non
320 1061 506 1126 mediocrem
522 1060 629 1126 temen
645 1079 800 1126 summum
818 1061 886 1144 iugi
899 1061 1042 1144 pertenet
1057 1063 1233 1145 augmento.

109 1164 324 1248 quaestuosior
346 1164 458 1247 quippe
481 1164 544 1230 init
565 1163 644 1229 mihi
667 1165 720 1230 ille
743 1183 942 1231 nummorum
964 1183 1059 1249 quarn
1080 1167 1142 1232 iste
1159 1165 1234 1230 soli·

109 1272 219 1334 dorum
242 1267 446 1351 imaginarius
468 1272 627 1351 quaestus,
651 1287 688 1333 er
709 1285 769 1351 quo
792 1285 854 1333 uon
875 1269 979 1334 solum
992 1268 1074 1334 nibil
1088 1267 1235 1334 exuberet

109 1372 192 1456 quod
215 1372 409 1452 recondetur,
436 1373 489 1438 sed
513 1373 608 1437 etiam
630 1373 683 1437 uir
698 1373 767 1455 ipsa
782 1371 929 1438 cotidiani
945 1373 1048 1438 uictus
1062 1371 1233 1438 necessitas

110 1475 294 1540 sustiuetur.
334 1476 502 1541 etidcirco
525 1479 640 1542 rectius
661 1477 751 1542 nobie
774 1480 822 1542 est
845 1477 929 1542 bunc
947 1474 1125 1543 solitudinis
1141 1475 1233 1540 buius

77 1579 329 1646 notenuissimum
351 1579 489 1645 fructum
511 1579 687 1661 indisrupta
712 1580 848 1663 iugitate
870 1581 993 1662 sectari,
1016 1599 1109 1661 quem
1130 1579 1235 1646 nmmo

109 1684 285 1748 saeculares
315 1701 416 1761 curae,
446 1683 552 1749 nullae
581 1684 758 1748 mundanae
788 1682 1002 1766 distentiones,
1030 1683 1119 1750 nulla
1141 1699 1232 1748 ceno·

110 1787 222 1852 doriae
243 1805 281 1852 ec
302 1787 450 1852 uenitetis
473 1786 603 1852 adrodat
624 1787 728 1866 blatto,
745 1787 850 1852 nullus
864 1785 1089 1852 sollioItudines
1103 1785 1233 1852 diurnae

110 1889 305 1955 necessitatis
323 1889 503 1955 inminuent
526 1889 681 1968 (melius
704 1893 763 1954 est
787 1890 870 1955 enim
892 1889 1085 1955 modicum
1107 1889 1232 1967 lusto,

110 2012 230 2075 super
260 1993 427 2058 diuitias
457 1997 712 2076 peccatorum
742 1992 922 2076 multas),
952 2013 1044 2077 quam
1076 1993 1232 2062 adfectare

76 2099 199 2168 cluere
219 2096 276 2162 illa
298 2099 423 2176 maiore,
447 2114 525 2179 quas
547 2097 670 2164 etiamsi
699 2099 791 2180 parte
818 2096 938 2162 fuerint
958 2097 1235 2188 quaestuosissime

110 2200 309 2266 conuersione
326 2202 508 2279 multorum,
525 2201 712 2266 necessitate
730 2204 836 2266 temen
850 2202 1027 2268 mundanae
1042 2201 1232 2268 conuersati-

110 2304 180 2370 onis
210 2308 242 2370 et
272 2305 437 2370 cotidianis
467 2304 693 2370 distentionum
723 2303 991 2370 deminutiouibus
1018 2304 1233 2370 absumentur.

110 2408 252 2472 melius
268 2427 400 2490 nemque
416 2412 475 2472 est
489 2409 658 2473 secundum
669 2407 859 2472 seutentiam
871 2407 1043 2474 Salomonis
1056 2404 1264 2493 pugillusb

110 2529 211 2578 unus
241 2529 325 2576 cum
355 2511 489 2594 requie
518 2529 630 2594 quam
660 2511 731 2576 duo
753 2510 907 2594 pugilli
929 2529 1015 2576 cum
1037 2511 1172 2577 labore
1193 2516 1234 2577 st

74 2616 438 2700 eopreesumptIone
487 2615 669 2698 spiritus.
726 2615 840 2698 quibus
887 2615 1095 2682 inlusIonibus
1139 2615 1233 2698 etque

110 2719 283 2802 dispendiis
306 2737 412 2785 omnes
436 2717 603 2783 admodum
626 2719 764 2784 infirmos
787 2737 911 2784 necesse
933 2721 981 2786 est
1001 2719 1155 2801 inplicari,
1178 2719 1233 2800 qui

111 2841 184 2888 cum
207 2823 304 2887 etlam
326 2821 364 2888 de
386 2840 443 2886 sua
465 2823 565 2886 salute
588 2822 652 2887 sint
679 2821 767 2887 dubii
789 2821 911 2906 ipsique
935 2823 1034 2889 adhuc
1055 2821 1232 2905 magisterio

109 2929 204 3008 etque
238 2925 435 2992 iustItutione
470 2930 580 3008 egeant
610 2925 724 3008 aliena,
757 2928 798 2992 ad
831 2928 1054 2992 conuertendos
1087 2925 1166 2992 alios
1196 2943 1233 2990 ao

109 3028 264 3112 regendos
298 3028 460 3096 diabolicis
494 3028 700 3094 inlusionibus
732 3029 933 3112 instigantur,
967 3031 1080 3113 quique
1110 3027 1233 3096 etiamsi

75 3157 100 3196 nn
108 3133 270 3216 potuerint
297 3133 376 3198 lueri
406 3133 524 3216 aliquid
549 3151 585 3197 ex
607 3132 801 3216 quorundam
824 3134 1021 3199 conuersioue
1044 3131 1230 3216 conquirere,

216 3364 248 3418 13
265 3363 309 3418 Pr.
327 3363 369 3430 36,
389 3363 421 3417 16
524 3363 557 3416 18
575 3361 674 3418 Eceler.
693 3363 719 3428 4,
737 3362 753 3417 6
772 3359 864 3432 (LXX)

163 3577 292 3647 lInquid
309 3577 460 3634 BFOK¹Z
563 3577 692 3648 illamque
709 3578 748 3633 Βι
862 3577 976 3648 dqnod]
994 3577 1083 3648 quod
1185 3578 1234 3631 ed·

109 3665 242 3720 cresceret
269 3663 357 3735 οβ(ο)
458 3662 591 3734 cottidd
692 3663 805 3720 dm'rhi
829 3663 885 3719 luit
909 3662 949 3734 do
1048 3661 1231 3720 dreoondem

113 3785 182 3856 Οβυ
283 3784 418 3856 cottidd
519 3751 699 3842 9suete⁸ntur
725 3783 748 3841 0
851 3785 881 3838 11
910 3783 1087 3839 distensiones
1107 3781 1167 3838 BF

108 3871 284 3946 coenodoxiae
302 3869 379 3928 codd.
396 3876 509 3941 macter
531 3871 554 3926 0
645 3871 678 3926 13
695 3871 858 3926 inmunuent
875 3870 913 3925 13¹
999 3869 1070 3926 enirn
1087 3869 1164 3941 eetd

110 3959 143 4014 16
171 3957 342 4012 consertione
366 3973 395 4012 o:
424 3957 625 4014 conuersatione
654 3957 711 4028 θβι
741 3971 792 4012 coe
819 3955 880 4011 BF
977 3956 1227 4015 multorum....·.

107 4061 171 4115 cup.
199 4047 242 4110 15,
265 4047 284 4098 3
305 4042 338 4104 ,id
363 4044 406 4098 est
430 4042 564 4098 irascibile
590 4042 689 4098 deaucet
713 4042 747 4098 ia
772 4041 812 4111 Ζ,
841 4058 900 4100 oco
923 4043 993 4110 folio
1018 4042 1164 4112 deperdim

110 4133 142 4186 l'l
161 4129 256 4186 cottid.
273 4129 306 4184 K
389 4130 581 4185 distensionem
597 4128 656 4184 BF
746 4129 876 4184 deminut.
899 4129 936 4184 0:
961 4129 1088 4185 diminut
1106 4129 1164 4184 rell.

107 4217 283 4274 adsumeretur
309 4215 389 4275 ΒΕΘ
492 4217 524 4272 18
547 4216 642 4272 melius
665 4215 723 4272 BF
743 4221 770 4272 et
787 4215 847 4272 cod.
863 4216 966 4272 ΔΜ.
996 4215 1092 4271 melior
1117 4215 1190 4270 OKo
1205 4218 1233 4272 et

112 4303 237 4375 Vespero
338 4303 480 4358 calamosus
497 4303 526 4357 B
627 4303 661 4358 19
684 4317 767 4372 quum
784 4301 827 4358 bc's
847 4301 871 4357 O
970 4300 1006 4356 20
1022 4301 1109 4371 adque
1126 4301 1166 4354 Β1

106 4391 139 4445 et
161 4387 313 4444 emmodnm
330 4388 399 4444 ΒΡ*
500 4389 535 4444 23
552 4389 638 4458 adque
654 4388 695 4443 Β1
796 4389 832 4443 25
848 4388 1050 4443 conuersatione
1067 4387 1091 4446 0

158 4491 240 4548 XIII.
275 4507 335 4553 ene.
356 4513 376 4554 r.
1097 4491 1134 4548 st
