3092 4967
539 410 699 469 Oonlstio
719 410 753 478 V,
770 411 883 467 iii-ii.
1217 410 1276 479 151

149 600 362 685 principatum
388 604 485 686 utque
513 599 746 685 inpugnationis
780 600 878 686 exigit
911 601 1032 681 modus,
1065 618 1123 667 uos
1155 618 1277 685 quoque

148 707 270 787 oportet
296 702 436 771 ordinem
467 704 634 771 instituere
660 704 859 789 proelionum‚
887 703 1057 770 secundum
1082 721 1175 786 quom
1204 722 1277 787 pro·

148 810 260 874 uentus
287 826 409 892 quoque
435 807 588 875 uictoriae
615 806 830 890 triumphique
851 806 1018 873 succedens
1041 806 1137 873 faciet
1159 825 1214 872 nos
1236 807 1277 872 sd

147 912 317 991 puritatem
339 910 439 977 cordis
462 914 495 977 et
516 910 717 995 perfectionis
739 908 969 994 plenitudinem
991 908 1163 994 peruenire.

129 1051 141 1091 e
186 1032 262 1097 Huc
295 1050 392 1115 usque
423 1031 520 1098 obbas
554 1031 703 1115 Ssrspion
735 1032 773 1097 do
807 1032 920 1096 ustura
953 1031 1022 1096 octo
1055 1029 1310 1114 principalium2

148 1132 298 1202 uitiorum
320 1134 410 1202 nobis
429 1134 585 1202 disserens
613 1136 780 1203 latentium
803 1136 836 1200 in
858 1137 949 1201 corde
969 1136 1076 1201 nostro
1098 1134 1278 1216 passionum

149 1256 272 1324 genens,
296 1256 428 1322 querum
451 1255 559 1306 unusne
582 1240 676 1321 utque
697 1237 888 1319 odfiniutes,
912 1254 982 1303 cum
1006 1236 1047 1301 ab
1070 1236 1148 1320 ipsis
1163 1236 1276 1303 cotidie

149 1345 352 1422 uoetsremun
369 1358 427 1407 uec
441 1358 626 1427 cognoscere
640 1341 766 1425 penitus
781 1342 873 1406 untes
887 1358 945 1406 nec
961 1340 1137 1407 discernere
1152 1341 1275 1424 potero-

149 1462 228 1529 mus,
257 1448 303 1513 its
330 1444 432 1511 lucide
461 1445 624 1528 reserauit,
657 1446 694 1511 nt
723 1462 775 1511 ess
804 1444 1033 1528 quodammodo
1066 1446 1139 1511 unte
1173 1444 1277 1510 oculos

121 1548 263 1631 opositis
284 1546 402 1615 intueri
423 1549 512 1617 nobis
534 1548 623 1615 uelut
644 1547 680 1615 in
701 1550 826 1632 speculo
847 1549 1036 1616 uideremus.

196 1837 211 1889 1
230 1837 313 1905 etque
328 1836 364 1892 0²
443 1836 460 1891 2
479 1838 643 1907 proeliorum
658 1838 696 1895 W
775 1838 792 1893 3
810 1837 940 1893 donnico
955 1837 981 1893 V
1059 1838 1075 1891 5
1094 1835 1164 1891 ebbo
1179 1835 1211 1890 D

149 1921 268 1991 serapion
287 1921 319 1975 X
410 1922 590 1994 principatum
608 1923 638 1978 D
734 1924 751 1977 7
769 1922 855 1993 adque
876 1922 928 1978 VP
1022 1921 1133 1981 cottidie
1149 1920 1211 1976 DX
1335 1970 1337 1975 ,

149 2006 401 2077 iquoddsnnnnodo
431 2010 481 2066 W¹
586 2009 620 2064 10
644 2008 805 2066 uideremus.
831 2010 950 2079 Explicit
976 2008 1093 2065 conlatio
1119 2010 1213 2075 (conio.
1236 2005 1277 2075 D)

151 2092 254 2149 stbstis
278 2094 428 2164 conspicuis
451 2097 547 2165 (sersp.
565 2095 606 2164 X)
624 2095 658 2150 de
675 2098 735 2151 octo
753 2096 835 2165 (vnn
851 2095 892 2162 D)
910 2096 987 2151 uitiis
1006 2096 1087 2163 (nicio
1104 2094 1156 2164 D¹)
1178 2092 1277 2164 princi·

150 2195 252 2265 pune
278 2198 449 2268 (pmenpns
470 2197 512 2254 n·
539 2198 733 2269 principalibus
759 2198 836 2253 nens
853 2198 895 2267 x)
925 2197 1080 2257 unwox
1113 2184 1189 2268 Εηῖι.
1216 2184 1277 2253 ott.

151 2282 207 2355 sis.
218 2301 370 2372 campionis
381 2301 416 2368 P,
433 2302 466 2356 iss
482 2318 535 2371 peso
550 2301 626 2357 Ocni.
637 2303 755 2371 septimo
765 2302 900 2371 seductor.
911 2301 943 2356 iu
959 2302 985 2357 V
998 2302 1122 2372 oquitur
1135 2300 1277 2357 iudicsslss

155 2386 345 2444 muscos
355 2386 463 2443 VI-X
466 2408 476 2455 3
494 2388 530 2454 cs.
543 2387 748 2459 Proloposseuo.
765 2393 829 2457 post
842 2388 995 2445 indiuiduos
1008 2386 1135 2443 Vtstete
1152 2386 1278 2457 Cupituls

151 2472 181 2527 de
190 2472 296 2529 sbbstis
308 2472 429 2528 theodosi
441 2474 600 2530 conlatione.
616 2479 771 2544 secuuntur
783 2474 906 2544 capitulo
920 2474 1112 2530 custodientem
1124 2472 1238 2529 VI-X.
