3092 4967
504 482 665 540 Conlatio
688 481 752 550 vu,
770 482 848 539 Η
1179 480 1242 548 183

113 671 222 739 dotum
243 672 402 753 smtineri,
424 672 541 739 idcireo
562 690 640 739 uera
660 672 728 739 eine
748 672 854 758 opinio
876 671 1044 739 indicanda
1066 673 1125 749 est,
1147 686 1242 755 qnam

113 774 281 841 secundum
310 774 531 859 experientiam
561 794 652 843 suam
680 776 769 843 nisus
800 779 848 843 ost
875 775 1054 859 protulisse,
1087 792 1158 842 cum
1181 774 1242 840 hoc

112 896 171 945 non
199 878 303 944 solnm
331 896 392 945 non
422 896 488 944 esse
515 877 709 962 inpossibile,
738 880 794 946 sed
816 878 912 945 etiam
941 878 1088 962 perfacile
1108 876 1148 945 ab
1170 876 1243 943 aliis

112 980 174 1047 ieri
196 982 321 1048 ratione
342 981 519 1049 certissima
532 987 566 1049 et
580 982 741 1050 oculorum
762 981 825 1049 tide
839 1000 900 1049 non
915 982 1009 1049 dubia
1026 978 1240 1066 conprobetur.

94 1090 181 1162 ονοῦς
211 1086 328 1169 itaque,
350 1084 385 1150 id
413 1089 463 1152 est
484 1102 583 1166 mene,
612 1078 792 1173 ἀεικίνητος
813 1082 868 1152 καὶ
895 1080 1108 1171 πολυκίνητος
1129 1080 1273 1150 defini-2

112 1188 169 1267 tnr,
206 1186 241 1252 id
270 1191 321 1253 eet
349 1205 472 1272 semper
501 1188 628 1257 mobilis
650 1190 683 1255 st
704 1190 842 1256 multum
864 1188 1000 1257 mobilis.
1038 1187 1120 1271 quod
1143 1186 1242 1254 etiam

111 1288 143 1355 in
170 1288 333 1375 Sapientia
361 1309 441 1375 quae
468 1292 584 1358 dicitnr
614 1292 789 1359 Salomonis
822 1292 891 1359 aliis
923 1291 1031 1357 uerbis
1059 1290 1107 1357 ita
1128 1290 1243 1357 descri-

111 1392 213 1461 bitur:
240 1390 297 1459 καὶ
321 1393 439 1478 recides
466 1396 584 1481 σκῆνος
610 1391 722 1481 βρίθει
744 1394 819 1462 νοῦν
841 1385 1096 1483 πολυφρόντιδο,
1117 1391 1153 1459 id
1175 1393 1241 1459 eet:

112 1501 148 1561 et
167 1502 375 1563 terrenum
396 1497 678 1566 babitaculum
705 1500 903 1585 adgrauat
925 1500 1094 1565 montem
1116 1496 1242 1563 multa

84 1602 366 1684 recogitantem.
401 1602 480 1669 haec
503 1604 600 1687 igitur
620 1620 677 1687 pro
707 1603 889 1671 modicione
915 1603 1048 1669 naturae
1070 1618 1242 1685 numquam

113 1704 214 1785 potest
241 1705 342 1771 otiosa
370 1705 549 1789 comistere,
577 1706 633 1771 sed
661 1724 787 1774 necesse
819 1710 866 1773 est
887 1724 966 1791 eam,
995 1704 1058 1771 nisi
1079 1704 1242 1788 prouisum

112 1804 256 1875 babuerit
268 1808 325 1876 ubi
339 1826 412 1875 snos
428 1812 568 1876 exerceat
582 1813 688 1877 motus
703 1813 736 1877 et
753 1812 787 1878 in
802 1810 916 1895 quibus
931 1809 1049 1894 iugiter
1063 1810 1242 1891 occupetur,

114 1914 237 1997 propria
270 1912 451 1979 mobilitate
484 1913 657 1981 dmcnrrere
690 1914 723 1979 et
755 1932 811 1999 per
842 1913 947 1981 omnia
976 1913 1119 1996 uolitare,
1147 1910 1245 1976 donec

114 2015 203 2101 longo
226 2016 374 2083 exercitio
396 2035 518 2101 usuque
540 2016 720 2085 adsuefacte
741 2018 900 2097 diuturno,
923 2035 985 2102 qno
999 2035 1056 2083 uos
1070 2018 1104 2083 in
1120 2030 1245 2082 cassum

88 2117 216 2185 afficitis
254 2118 405 2201 laborare,
443 2120 620 2205 experiatur
656 2122 690 2187 et
725 2120 827 2188 decet
860 2140 936 2206 quas
969 2118 1137 2187 memoriae
1170 2134 1245 2183 suae

115 2223 260 2289 materias
288 2222 403 2290 debeat
430 2242 624 2308 praeparere,
646 2240 720 2309 erga
746 2243 825 2309 quas
853 2222 1047 2309 circumagat
1071 2218 1244 2289 indefessos

115 2324 235 2392 uolatus
258 2328 290 2391 ot
310 2326 489 2392 inmorandi
503 2326 597 2393 robur
613 2326 769 2410 adquirat,
792 2327 825 2394 et
839 2328 885 2393 ita
899 2326 1081 2411 praeualeat
1095 2328 1243 2392 aduersas

116 2428 233 2494 inimici
262 2428 481 2513 suggestiones
509 2428 624 2513 quibus
649 2428 882 2497 distrahebatur
904 2429 1067 2495 extrudere
1090 2428 1185 2511 atque
1207 2424 1243 2489 in

116 2531 168 2597 illo
190 2549 284 2615 qnam
307 2532 469 2598 desiderat
488 2534 577 2599 statu
599 2532 807 2616 etqualitate
830 2531 952 2599 durare.
989 2550 1049 2598 non
1073 2546 1146 2614 orgo
1162 2524 1275 2597 hauet

89 2634 330 2718 aenagstionem
352 2632 452 2699 cordis
468 2634 566 2700 nostri
580 2635 633 2701 nel
648 2636 778 2701 naturae
799 2634 956 2701 humanae
970 2634 1027 2701 uei
1038 2634 1094 2700 deo
1111 2632 1244 2700 creatori

117 2740 179 2802 eius
207 2735 358 2803 debemus
384 2736 569 2804 adscribere.
599 2755 674 2805 nera
701 2741 750 2804 eet
779 2738 862 2804 enim
884 2738 1056 2823 scripturae
1079 2736 1244 2821 mutantia,

118 2842 187 2923 quia
206 2842 299 2907 deus
320 2839 422 2907 iecit
438 2839 634 2907 hominem
651 2844 819 2909 rectum:
841 2842 878 2908 at
892 2842 971 2926 ipsi
989 2840 1245 2925 quaesierunt

119 2944 385 3041 cogitationes
409 2946 565 3012 multas.
604 2965 623 3011 a
643 2946 734 3012 nobis
752 2964 825 3031 ergo
839 2964 948 3012 earum
964 2946 1103 3030 qualitas
1119 2943 1243 3028 pendet,

118 3044 188 3129 quia
214 3047 427 3133 cogitatio,
461 3049 575 3134 inquit,
608 3048 710 3116 boue
735 3051 961 3117 scientibus
989 3067 1073 3115 eam
1106 3048 1244 3131 adpro·

90 3150 295 3233 spinqnat,
317 3152 384 3217 uir
403 3156 537 3219 autem
559 3154 734 3237 prudens
755 3152 940 3219 inueniet
962 3169 1054 3219 cam.
1092 3148 1244 3236 quidquid

120 3335 235 3487 (hmo
250 3335 312 3405 sap.
331 3336 356 3401 e,
369 3337 403 3391 15
414 3334 510 3405 (uxr)
596 3336 631 3391 aa
649 3335 940 3407 seruandus)
1026 3336 1061 3391 ον
1078 3338 1155 3391 mov.
1176 3335 1245 3405 rar

168 3590 184 3643 1
207 3590 335 3656 orsmari
356 3590 384 3645 V
409 3592 545 3647 enatuere
565 3590 607 3647 Ι)ι
709 3592 858 3649 indecanda
878 3593 914 3649 7Ι
1016 3593 1034 3647 5
1058 3594 1124 3654 νοῦς
1141 3593 1244 3663 itaque]

121 3675 206 3730 mecit
228 3693 294 3747 equa
315 3678 354 3733 W
438 3678 597 3735 uelikinitos
620 3680 650 3735 D
684 3680 858 3737 salamon
884 3680 922 3737 W
1007 3681 1192 3751 coayirnnnoc
1215 3678 1246 3733 D

120 3760 298 3819 rostrntnroc
327 3764 368 3821 W
494 3764 510 3817 i
537 3766 579 3820 ita
604 3765 728 3835 describ]
755 3766 919 3822 adscribitur
949 3765 975 3821 V
1005 3766 1046 3821 ita
1071 3764 1178 3821 discrib
1204 3764 1245 3819 D¹

123 3848 145 3902 0
230 3848 380 3905 brandeo
400 3849 466 3906 VW
550 3852 675 3907 ednod
690 3851 721 3906 D
750 3852 884 3908 ckmoo
905 3852 944 3909 W
1028 3866 1119 3915 aaran
1142 3851 1181 3908 W

122 3942 320 4030 rowrorrrna
342 3944 373 3999 D
410 3944 709 4001 sorarroarononnao
735 3945 775 4002 W
884 3962 985 4018 praeco
1008 3948 1109 4002 omaso
1130 3950 1196 4003 caat
1215 3946 1247 4002 ia

123 4042 165 4108 X,
190 4047 301 4113 pcoeiaee
323 4046 417 4101 tobim
438 4048 473 4103 ν’νν
501 4048 552 4103 ΟΡ
653 4045 688 4102 10
713 4046 868 4103 conditione
896 4048 1020 4106 VDWX
1123 4048 1157 4103 12
1181 4062 1245 4103 enus

127 4136 161 4191 V¹
260 4141 292 4194 14
313 4141 395 4208 longe
418 4140 459 4195 D·
561 4158 647 4212 usque
667 4140 720 4198 VP
823 4142 855 4197 15
879 4142 972 4197 laboro
991 4143 1019 4198 V
1120 4143 1153 4198 16
1170 4142 1245 4197 mde-

125 4222 206 4277 ianus
233 4221 265 4277 V¹
366 4226 399 4280 17
428 4226 508 4283 robor
533 4228 566 4283 Χ
667 4229 795 4284 adnerm
820 4228 949 4287 WOPX¹
1052 4228 1085 4284 18
1111 4228 1247 4285 umore

128 4308 173 4363 W¹
264 4310 347 4381 adque
368 4310 450 4369 7οΡ
543 4314 579 4369 23
595 4314 691 4385 pendit
707 4314 802 4370 WPX
901 4314 937 4370 24
953 4313 1049 4385 inquid
1070 4312 1164 4370 VDOc
1194 4328 1247 4370 om.

129 4395 165 4450 W
261 4396 459 4469 adpropinquad
478 4399 518 4455 W
619 4399 653 4455 25
670 4400 797 4471 quioquid
820 4398 944 4459 VWOX
