3092 4967
288 404 293 415 '
314 438 377 503 600
502 470 503 475 1
706 432 870 487 Iohannis
891 430 1050 485 Cassiani

313 630 407 708 toque
437 624 605 703 subtracto,
635 623 843 708 quadraginta
869 623 990 689 dierum
1019 622 1149 705 impleat
1171 628 1348 690 summam?
1381 645 1430 691 scr
1521 665 1522 672 κ

314 730 399 795 euim
422 731 453 793 et
476 728 608 809 triginta
629 728 694 793 dies
723 728 754 791 iu
777 726 854 808 ipsis
876 724 1097 792 ebdomadibus
1119 729 1336 795 tautummodo
1363 748 1429 795 con·

313 832 491 897 cluduntur.

356 933 454 999 XXV.
478 948 652 998 naucula:
676 932 765 997 lieet
787 935 980 1014 quorundam
1001 934 1056 1015 pia
1076 934 1266 1017 simplicitas
1287 935 1429 1001 buiusrei
1521 951 1522 962 ¹

312 1038 454 1122 amputet
476 1035 700 1120 quaestionem,
723 1038 839 1114 tamen,
862 1035 936 1118 quia
956 1036 1053 1101 etiam
1068 1036 1134 1116 illa,
1151 1056 1231 1120 quae
1245 1040 1326 1104 alius
1340 1040 1456 1105 iuter-r
1521 1065 1522 1068 ¹

311 1141 472 1225 rogatione
494 1140 624 1225 indigna
639 1140 786 1216 duxisset,
806 1140 1016 1224 scrupulosius
1035 1144 1267 1224 perscrutantes
1282 1143 1427 1228 integram
1521 1159 1522 1182 ³

311 1245 526 1310 obseruantiae
542 1244 665 1309 nostrae
681 1262 717 1308 uc
732 1243 874 1327 mysterii
889 1246 1057 1309 ueritatem
1069 1246 1251 1313 desideratis
1262 1265 1427 1330 agnoscere,

312 1348 578 1415 euidentissimam
609 1348 705 1413 etiam
733 1348 827 1412 huius
850 1348 895 1411 rei
917 1349 1068 1431 percipite
1090 1349 1255 1426 rationem,
1277 1354 1314 1414 ut
1334 1352 1428 1416 mani·

311 1452 420 1517 festius
444 1450 622 1535 adprobetis
646 1451 725 1515 nihil
739 1450 960 1515 inrationabile
975 1455 1098 1517 nostros
1112 1452 1279 1519 tradidisse
1294 1456 1426 1520 maiores.
1521 1489 1522 1536 p

282 1557 381 1639 alege
402 1554 561 1639 Moysaica
583 1556 727 1619 uniuerso
742 1554 855 1638 populo
871 1555 1026 1637 generalis
1040 1556 1242 1639 promulgata
1256 1559 1457 1639 praeceptos

312 1660 374 1723 est:
403 1660 573 1723 decimas
601 1660 690 1721 tuas
719 1659 756 1722 et
786 1657 992 1740 primitias
1020 1658 1167 1723 oliercs
1190 1660 1343 1726 domiuo
1366 1661 1428 1725 deo

312 1762 389 1826 tuo.
419 1762 524 1843 itaque
540 1762 593 1843 qni
608 1760 853 1826 substantiarum
870 1765 1048 1827 nostrarum
1063 1762 1264 1845 omniumque
1278 1764 1427 1829 fructuum

312 1866 447 1930 decimas
471 1864 578 1929 offerre
598 1863 816 1947 praecipimur,
840 1866 941 1930 multo
962 1864 1064 1950 magis
1079 1884 1203 1932 necesse
1218 1868 1267 1932 est
1286 1869 1324 1931 ut
1337 1868 1427 1950 ipeim

311 1984 430 2050 qnoque
464 1969 705 2033 conuersationis
741 1974 865 2033 nostrae
901 1974 932 2033 et
969 1971 1099 2035 hnmani
1135 1989 1210 2035 usus
1248 1990 1428 2055 operumque
1521 1959 1522 2046 1

311 2070 488 2135 nostrorum
517 2072 652 2137 decimas
680 2072 853 2151 offeramus,
882 2090 963 2156 quae
988 2074 1128 2158 proiecto
1156 2074 1191 2138 iu
1213 2075 1454 2157 supputationes
1521 2073 1522 2148 l

282 2170 596 2256 3Quadrsgeusimae
624 2174 786 2241 euidenter
818 2176 985 2259 inplentur.
1024 2178 1166 2243 omnium
1198 2179 1282 2243 enim
1315 2179 1426 2245 dierum

311 2296 466 2356 uumerus,
490 2278 603 2361 quibus
626 2280 787 2345 reuolutus
809 2281 843 2345 in
865 2283 970 2347 orbem
986 2299 1087 2347 annus
1103 2282 1287 2357 includitur,
1302 2282 1426 2363 triginta

310 2401 361 2446 ser
377 2382 472 2447 semis
488 2383 610 2447 dierum
624 2400 754 2448 numero
769 2383 958 2450 decimatur.
986 2386 1019 2449 iu
1034 2388 1154 2468 septem
1170 2404 1243 2452 uero
1258 2385 1426 2451 ebdomadi-

311 2486 377 2565 bus,
412 2487 438 2577 si
471 2484 537 2550 dies
572 2485 721 2551 dominici
749 2486 782 2551 et
810 2489 941 2553 sabbeta
972 2489 1208 2572 subtrahantur,
1238 2491 1373 2572 quinque
1398 2490 1426 2552 et
1521 2471 1522 2524 l

309 2589 441 2671 triginta
477 2592 645 2672 supersunt
676 2589 741 2656 diae
778 2590 906 2656 ieiuniis
940 2593 1093 2674 deputati.
1137 2594 1193 2658 sed
1226 2594 1347 2659 adiecta
1375 2592 1453 2656 illae

310 2692 491 2775 uigiliarum
524 2693 582 2772 die,
612 2713 672 2777 qne
699 2713 796 2777 usque
824 2696 857 2759 iu
887 2694 1044 2779 gallorum
1071 2702 1198 2762 cautum
1226 2697 1425 2763 inlucescente

311 2794 467 2861 dominica
481 2797 633 2862 ieiunium
648 2799 770 2865 sabbati
785 2799 972 2881 proteletur,
990 2819 1051 2865 uou
1066 2801 1171 2865 solum
1185 2818 1240 2865 sex
1254 2803 1289 2864 et
1302 2800 1425 2883 triginti

310 2898 430 2963 dierum
453 2906 602 2967 nuuierus
624 2903 824 2984 adimpletur,
847 2922 958 2968 uerum
974 2904 1138 2986 etiampro
1154 2904 1286 2969 decimis
1301 2904 1425 2987 quinque
1521 2963 1522 3006 ἕ

310 3001 440 3079 dierum,
469 3003 523 3085 qni
550 3006 668 3071 residui
697 3006 896 3084 uidebantur,
925 3008 950 3071 si
974 3006 1055 3071 illud
1077 3006 1160 3089 quod
1181 3008 1424 3090 superadiectuur
1521 3015 1522 3024 ’

310 3109 357 3169 est
380 3106 480 3172 noctis
503 3108 640 3191 spatium
662 3111 860 3192 conputetur,
879 3109 1067 3192 plenitudini
1083 3110 1181 3176 totius
1196 3128 1337 3177 summae
1351 3107 1451 3175 nihile

182 3242 197 3259 ·
310 3208 419 3275 deerit.
1521 3195 1522 3266 1

352 3311 467 3380 XXVI.
492 3312 573 3394 Quid
594 3334 668 3380 uero
691 3315 729 3379 de
751 3314 902 3397 primitiis
925 3316 1039 3393 dicam,
1063 3334 1140 3400 quas
1164 3318 1204 3382 ab
1219 3313 1423 3398 omnibusqui

310 3413 433 3482 Christo
455 3415 590 3483 fideliter
613 3418 808 3483 famulantur
828 3418 941 3485 cotidie
963 3422 1083 3485 certum
1106 3423 1154 3484 est
1175 3419 1334 3485 exbiberi?
1357 3434 1422 3483 uam

411 3604 441 3658 11
461 3603 508 3657 llr.
526 3604 568 3671 22,
586 3604 620 3660 29

358 3774 375 3827 2
393 3773 577 3829 ebdomatibus
595 3774 613 3843 β
708 3776 918 3844 4quorumdam
939 3775 990 3833 ΟΖ
1087 3776 1102 3829 7
1121 3778 1254 3831 uirtutum
1274 3777 1346 3833 ΒΨ
1373 3776 1422 3828 uir·

306 3864 394 3913 tutem
421 3860 498 3915 Bm*
601 3862 778 3918 desiderantis
802 3863 883 3917 ΒΨ
985 3880 1130 3933 quaesere
1157 3864 1198 3919 K¹
1309 3866 1325 3918 8
1348 3862 1422 3916 liuius

307 3947 388 4000 etiam
410 3948 478 4017 Οβυ
582 3948 616 4003 10
632 3952 749 4004 mosaica
766 3949 865 4004 BFK²
891 3965 1013 4018 mosayca
1031 3949 1054 4003 0
1157 3949 1189 4004 11
1213 3950 1320 4004 offerres
1334 3946 1364 4001 F

306 4032 398 4087 offerre
421 4034 444 4089 O
542 4036 575 4090 14
592 4052 700 4105 operum
718 4050 822 4105 quoque
840 4036 897 4091 BF
998 4036 1173 4091 idumaeos
1191 4036 1235 4090 Κ*
1336 4034 1367 4089 18
1382 4031 1421 4085 ab

307 4120 440 4190 1011111.β
526 4120 759 4177 191111111Βῖ
840 4123 969 4192 quinque]
988 4122 1076 4177 serO
1160 4122 1195 4176 21
1214 4138 1266 4191 quo
1284 4119 1361 4177 ΒΜ

305 4210 386 4260 cantu
404 4206 462 4262 BF
545 4207 663 4262 inlucisc.
682 4208 752 4262 FK¹
842 4208 877 4262 25
894 4212 936 4261 est
953 4225 1003 4262 om.
1022 4208 1056 4262 K
1137 4207 1209 4262 nibil
1227 4208 1296 4263 BF:
1323 4205 1420 4259 omniuo

304 4294 394 4363 nond
421 4292 528 4348 omuino
547 4294 617 4349 nihil
636 4294 732 4363 (nichil
756 4294 837 4350 01111
854 4298 880 4362 r)
903 4295 948 4349 Oc
1045 4294 1079 4349 27
1098 4294 1233 4349 ominibus
1251 4294 1289 4348 B¹
1315 4290 1420 4345 bomini·

307 4378 355 4431 bus
374 4379 443 4433 ΒΨ
544 4383 590 4449 qui
609 4395 660 4435 orn.
679 4380 708 4435 F
809 4380 844 4437 28
860 4381 972 4435 cottidie
990 4380 1017 4434 Z
1115 4380 1214 4435 exiberi
1234 4380 1287 4437 OK
