3092 4967
318 464 380 530 628
709 461 873 515 Iohannis
891 459 1049 514 Cassiani

323 653 561 734 temptatum
599 655 732 716 autern
769 670 834 733 per
877 651 1006 716 omnia
1050 649 1263 716 secundum
1298 651 1425 716 simili·

292 756 500 821 3tudinem
524 753 675 835 absque
707 759 880 836 peccato.
918 756 945 819 si
967 757 1065 837 igitur
1087 759 1230 818 terrenae
1252 755 1423 819 humilitatis

322 861 445 924 nostrae
477 878 546 923 cunr
577 858 633 923 illo
656 859 772 922 excelso
796 858 963 941 diuinaque
985 859 1130 941 pontifice
1155 857 1232 922 haec
1252 860 1425 940 potestesse

321 963 505 1042 communio,
527 962 564 1025 nt
587 962 682 1025 etiam
704 971 759 1026 no‘e
783 963 897 1044 absque
923 961 990 1026 ulla
1011 964 1132 1044 peccati
1162 961 1328 1026 offensione
1355 967 1425 1027 tenr-

321 1073 454 1149 ptemnr,
489 1083 542 1129 cur
573 1065 605 1128 in
632 1064 686 1128 iilo
709 1063 765 1131 hoc
789 1067 944 1147 apostolus
966 1064 1054 1131 uelut
1076 1065 1203 1130 unicum
1225 1085 1263 1131 ac
1283 1067 1453 1148 singulares

322 1171 486 1252 suspiciens
508 1171 599 1233 tanta
622 1169 687 1232 eius
703 1168 851 1234 meritum
866 1167 906 1233 ab
922 1169 1077 1237 uniuersis
1091 1168 1273 1236 hominibus
1289 1170 1425 1234 diuisione

323 1273 494 1337 discredit?
525 1273 579 1336 hac
603 1290 675 1355 ergo
697 1271 763 1336 sola
786 1271 824 1336 ab
847 1272 990 1336 omnibus
1019 1271 1105 1336 nobis
1129 1275 1307 1354 exceptione
1328 1273 1426 1336 distin·

322 1378 438 1460 guitur,
462 1377 535 1458 quia
550 1392 604 1440 nos
620 1393 681 1440 non
697 1375 813 1456 absque
830 1377 963 1456 peccato,
988 1376 1078 1441 illum
1095 1379 1161 1442 sine
1176 1379 1303 1459 peccato
1319 1381 1426 1440 constat

292 1480 417 1544 afuisse
440 1481 640 1562 temptatum.
678 1478 747 1560 quis
764 1477 879 1544 etenim
895 1479 1066 1560 hominum,
1082 1480 1226 1562 quemuis
1243 1479 1331 1544 sortis
1345 1481 1426 1560 atque

323 1584 451 1648 bellator
473 1583 524 1656 sit,
547 1582 716 1647 hostilibus
739 1584 843 1648 tamen
860 1583 930 1647 telis
953 1585 1135 1666 plerumque
1151 1603 1211 1648 non
1227 1587 1340 1666 pateat,
1365 1583 1452 1665 quise

322 1687 410 1750 uelut
425 1685 645 1766 inpenetrabili
662 1704 752 1766 carne
768 1685 977 1750 circumdatus
989 1688 1084 1752 tantis
1095 1688 1283 1769 proeliorum
1294 1685 1426 1768 periculis

323 1791 388 1854 sinc
410 1788 548 1872 periculo
571 1788 762 1854 misceatur?
785 1787 838 1852 ilie
861 1793 967 1852 autem
982 1790 1065 1854 solus
1087 1792 1294 1872 speciosus
1318 1789 1427 1853 forma

322 1913 412 1976 prae
443 1892 553 1956 filiis
584 1891 784 1956 hominum
816 1890 1026 1956 condicionem
1057 1895 1165 1958 mortis
1194 1893 1344 1959 humanae
1364 1910 1426 1955 cunr

324 2000 467 2060 uniuersa
504 1995 603 2059 carnis
641 1995 816 2078 fragilitate
852 1995 1025 2076 suscipiens
1063 1997 1181 2061 nullius
1214 2015 1357 2078 nmquam
1386 1995 1427 2058 est

323 2100 420 2166 sordis
443 2096 619 2162 maculatus
642 2100 780 2162 adtactu.
1434 2125 1453 2163 „

364 2219 402 2283 X.
433 2213 616 2300 Temptatus
646 2229 692 2282 est
722 2219 805 2308 apim
836 2218 1007 2281 secundnm
1035 2218 1273 2284 similitudinem
1301 2224 1425 2283 nostram
1508 2276 1509 2281 ,

322 2323 556 2406 gastrimargiae
594 2321 730 2402 primum
767 2321 858 2396 nitio,
892 2325 928 2385 nt
964 2321 992 2383 ei
1020 2322 1149 2386 callidus
1181 2323 1235 2387 ille
1261 2341 1377 2404 serpens
1397 2339 1425 2384 eo

323 2426 436 2504 ordine,
467 2441 526 2507 quo
554 2425 655 2490 Adam
684 2425 757 2490 ante
785 2425 958 2495 seduxerat.
990 2411 1137 2490 esurienti
1170 2445 1257 2491 escae
1291 2426 1425 2492 desiderio

323 2533 487 2596 conaretur
498 2530 645 2606 inludere,
663 2528 696 2593 si
712 2528 828 2592 filius
843 2528 995 2610 inquiens,
1010 2529 1072 2592 dei
1089 2548 1141 2609 es,
1160 2531 1220 2594 dic
1233 2535 1275 2594 nt
1289 2529 1425 2612 lapides

323 2632 394 2696 isti
416 2649 532 2714 panes
556 2633 668 2696 fiant.
706 2632 761 2696 sed
783 2632 905 2697 nulium
930 2631 1080 2714 recipiens
1103 2650 1139 2694 err
1159 2632 1218 2697 hac
1239 2634 1452 2716 temptationes

323 2737 496 2820 peccatum,
520 2755 590 2800 cum
615 2735 643 2798 ei
659 2736 792 2800 facultas
807 2735 985 2800 indubitata
999 2735 1185 2818 subpeteret,
1202 2736 1320 2818 respuit
1334 2733 1425 2800 cibun

324 2859 414 2922 quem
449 2840 666 2921 deceptionum
697 2839 809 2902 artifex
835 2837 1009 2922 ingerebat,
1039 2839 1161 2902 dicens:
1189 2857 1262 2904 non
1287 2839 1325 2903 in
1344 2856 1425 2921 pane

324 2943 408 3008 solo
440 2942 545 3006 uiuit
575 2944 696 3022 homo,
727 2943 793 3006 scd
825 2943 864 3006 in
888 2945 990 3006 omni
1012 2942 1129 3006 uerbo
1152 2942 1248 3024 quod
1271 2940 1426 3024 procedit

294 3047 366 3114 2de
390 3065 456 3110 ore
480 3047 551 3110 dei.
589 3049 760 3128 temptatus
784 3053 832 3110 est
855 3048 949 3110 etiarn
964 3045 1130 3110 cenodoxia
1145 3046 1314 3109 secundum
1329 3043 1426 3110 simiti-

324 3149 465 3213 tudinem
482 3150 631 3226 nostram,
649 3148 764 3213 cumei
782 3148 952 3213 diceretur:
976 3149 1009 3212 si
1024 3148 1143 3212 filius
1166 3147 1227 3211 dei
1249 3167 1304 3222 es,
1327 3149 1453 3212 mittes

325 3257 362 3316 tc
396 3253 587 3316 deorsum.
626 3254 679 3316 sed
714 3251 848 3316 subdola
876 3251 993 3317 diaboli
1021 3250 1219 3335 suggestione
1246 3269 1307 3316 non
1334 3250 1426 3330 captur

325 3359 371 3420 est
401 3359 432 3418 ct
454 3356 660 3420 uanissimam
685 3356 877 3420 seductorem
900 3356 995 3420 etiarn
1025 3354 1252 3438 scripturarum
1276 3353 1426 3419 obiectione

325 3458 487 3522 confutans
510 3477 583 3523 non
606 3459 838 3540 temptabis,
854 3460 966 3541 inquit,
985 3460 1180 3524 dominum
1199 3458 1307 3524 deum
1324 3464 1427 3521 tuum.

428 3627 617 3690 l2Ps.44,3
717 3627 894 3691 19Mt.4,3
993 3627 1137 3683 nates
1234 3627 1372 3683 nance

324 3713 393 3768 281.
413 3729 432 3767 c.
452 3715 476 3766 i.
512 3714 591 3767 Dent.
610 3713 633 3777 6,
654 3715 686 3767 16

377 3871 508 3939 2ἰ3ἰῒιπ]
528 3873 566 3940 ig
585 3873 666 3925 etiam
687 3872 753 3935 Ode
849 3873 953 3942 dqnur
971 3873 1051 3930 BFO
1146 3873 1226 3927 uelud
1244 3875 1271 3928 B
1360 3872 1427 3924 ssu·

326 3957 441 4024 spiciens
461 3957 572 4012 0¹K²Z:
601 3959 748 4026 suscipiens
766 3958 920 4015 BFO²K¹r
1005 3959 1139 4013 uniuersis
1156 3975 1205 4014 om.
1225 3959 1263 4028 βο
1344 3956 1427 4010 rhua

328 4043 389 4097 OK¹
474 4043 663 4115 nobiscm.0¹
754 4046 869 4113 SqniB
956 4045 1075 4112 seuque
1093 4045 1120 4099 B
1208 4047 1238 4100 11
1257 4043 1371 4100 ueludB

326 4131 484 4197 proeliorum
504 4131 530 4184 Β
626 4133 658 4185 13
676 4131 773 4186 condit.
791 4133 842 4202 Ββ
938 4133 969 4186 lt
988 4133 1189 4202 castrimargiae
1207 4133 1234 4186 Β
1322 4136 1349 4183 ct
1364 4133 1392 4181 ut
1407 4127 1426 4178 ci
1508 4186 1509 4197 γ

326 4215 405 4272 BFO
492 4217 524 4271 18
539 4220 699 4270 esurientem
712 4218 792 4273 ΒΕΘ
817 4219 948 4272 esuriente
960 4218 1001 4271 K¹
1087 4219 1118 4272 21
1139 4219 1290 4288 subpeteret
1306 4217 1337 4272 0:
1363 4229 1427 4281 rupo·
1508 4250 1509 4255 κ

325 4303 383 4356 rell.
485 4303 518 4355 22
537 4303 699 4370 deceptionis
717 4305 755 4373 βυ
858 4304 891 4359 23
914 4305 1055 4374 colopene
1076 4305 1134 4359 BF
1234 4306 1268 4360 25
1283 4303 1377 4368 dictura
1393 4304 1427 4352 est

326 4389 363 4456 βυ
465 4389 498 4443 26
517 4389 619 4443 diaboli
639 4389 666 4443 B
769 4391 986 4460 suggessioneO
1088 4392 1122 4446 28
1140 4393 1236 4461 inquid
1254 4390 1351 4446 BFOZ
