3092 4967
307 412 372 481 306
699 410 864 467 Iohannis
885 409 1042 467 cassiani

307 600 405 667 cordis
429 619 593 679 excessumv
609 600 793 707 inexplebili
815 602 943 684 spiritns
957 602 1120 668 alacritate
1133 602 1298 687 profertur,
1319 621 1413 687 quan·

307 722 367 787 que
400 722 487 768 mens
502 780 504 787 ¹
521 709 607 770 extra
640 724 746 770 omnes
774 724 883 786 sensus
911 725 947 771 ao
975 705 1116 774 nisibiles
1145 706 1257 773 effecte
1285 706 1413 773 mabrica
1516 707 1517 721 ³

306 806 477 891 gemitibus
499 805 757 875 inenarrabilibus
781 812 874 892 atque
903 808 1045 893 suspiriis
1073 808 1234 891 profundit
1262 809 1413 876 addeum.
1516 905 1517 910 ἵ

348 928 422 995 XII.
451 946 651 1015 eumve:
684 928 755 993 Non
788 930 890 997 solum
924 929 1014 997 nobis
1049 930 1249 997 traditionem
1281 930 1414 1014 spiritalis

306 1032 397 1099 buius
419 1050 514 1115 quam
535 1032 732 1115 poposcimus
755 1030 950 1115 disciplinae,
974 1032 1029 1098 sed
1051 1032 1152 1117 ipsam
1176 1033 1269 1115 plane
1284 1032 1440 1117 perfecti-⁸

306 1154 393 1201 onem
423 1136 502 1223 satis
531 1139 758 1217 oporteatque
788 1134 924 1201 dilucide
956 1139 1103 1219 putamus
1137 1154 1319 1218 expressam.
1352 1134 1414 1219 quid

306 1239 389 1305 enim
417 1239 521 1322 potest
549 1257 615 1303 esse
644 1238 813 1320 perfectius
845 1240 958 1321 quidue
985 1238 1150 1305 sublimius
1173 1259 1267 1323 quam
1290 1240 1339 1305 dei
1359 1258 1413 1305 ne·

305 1342 437 1408 moriem
465 1350 532 1406 tam
561 1340 765 1424 conpendiosa
793 1340 995 1407 meditatione
1023 1341 1179 1427 conplecti
1210 1350 1306 1425 atque
1335 1341 1414 1409 anius

304 1445 452 1511 uersiculi
482 1444 676 1511 uolutatione
703 1464 721 1509 a
750 1444 871 1511 cunctis
901 1446 1076 1513 uisibilinm
1105 1446 1248 1514 terminis
1280 1450 1416 1532 emigrare

305 1552 336 1614 et
358 1547 584 1631 quodammodo
613 1546 742 1613 affectus
770 1546 946 1613 orationum
976 1553 1158 1615 cunctarum
1183 1550 1270 1615 breui
1290 1567 1442 1615 sermones

305 1652 507 1718 concludere?
538 1656 569 1715 et
596 1650 712 1716 ideirco
735 1668 833 1715 uuum
861 1654 943 1734 quod
965 1652 1109 1733 superest
1129 1653 1229 1718 adbuc
1251 1653 1338 1719 nobis
1358 1672 1416 1737 pre

304 1773 411 1821 camur
433 1753 550 1835 exponi,
572 1754 835 1837 quemadmodum
851 1754 946 1839 'buno
967 1755 1099 1822 eundem
1128 1756 1315 1823 uersiculum
1337 1774 1415 1839 quem
1516 1825 1517 1840 ἢ

304 1859 393 1925 nobis
417 1858 485 1923 uice
507 1856 660 1923 formulae
684 1857 844 1924 tradidisti
865 1857 1023 1924 stabiliter
1047 1861 1182 1925 retinere
1204 1860 1367 1945 possimus,
1387 1862 1417 1921 nt

304 1963 385 2027 sicut
417 1978 472 2043 per
509 1960 558 2025 dei
592 1960 728 2043 gratiam
766 1980 876 2027 sumus
905 1980 926 2026 a
952 1962 1162 2027 saecularium
1201 1962 1417 2047 cogitationum

305 2066 431 2149 ineptiis
452 2063 589 2142 liberati,
611 2064 657 2129 ita
678 2065 837 2147 spiritales
859 2082 999 2148 quasque
1017 2064 1213 2148 inmobiliter
1226 2069 1442 2133 retentemusc

346 2187 436 2253 XIII.
465 2184 543 2253 (lum
572 2184 656 2251 enim
685 2185 860 2269 capitulum
886 2185 1054 2253 cuiuslibet
1074 2187 1190 2268 psalmi
1212 2205 1301 2253 mens
1322 2186 1418 2253 nostra

303 2290 487 2375 conceperit,
521 2289 744 2355 insensibiliter
772 2307 807 2355 eo
836 2290 995 2357 subtracto
1027 2290 1066 2355 sd
1095 2290 1225 2356 alterius
1259 2290 1419 2372 scripturae

303 2396 425 2465 textum
447 2393 587 2462 nesciens
610 2396 801 2476 stupensque
815 2393 1003 2459 deuoluitur.
1038 2410 1172 2475 cumque
1188 2394 1266 2460 illud
1281 2393 1314 2459 in
1328 2392 1418 2458 semet
1516 2423 1518 2438 ν

301 2500 370 2581 ipso
403 2497 537 2579 eoeperit
571 2496 721 2571 uolutare,
759 2498 890 2561 necdum
923 2496 977 2563 illo
1010 2496 1050 2561 ed
1082 2496 1243 2581 integrum
1278 2495 1417 2562 uentilato

303 2601 411 2667 oborta
444 2599 574 2665 alterius
607 2598 777 2665 testimonii
814 2600 966 2665 memoria
1003 2601 1238 2666 meditationem
1277 2598 1443 2665 materiaea

302 2704 414 2788 prioris
443 2702 588 2772 excludit.
628 2703 666 2767 de
694 2703 753 2767 hac
782 2721 902 2785 qnoque
923 2704 962 2769 ad
986 2702 1118 2771 alteram
1144 2704 1341 2771 subintrante
1362 2702 1419 2767 alia

303 2805 506 2875 meditatione
540 2805 737 2889 uenerantur,
771 2808 804 2874 st
836 2806 883 2871 ita
913 2809 1037 2873 animus
1073 2826 1194 2890 semper
1231 2810 1271 2873 de
1307 2807 1418 2890 psalrm

302 2911 424 2977 rotatus
447 2910 485 2975 ad
507 2910 674 2993 psalmum,
701 2910 740 2977 de
762 2910 921 2994 euangelii
943 2914 1032 2977 textu
1046 2912 1085 2977 ad
1102 2912 1232 2994 apostoli
1249 2912 1418 2977 transiliens
1515 2901 1516 2964 l

304 3014 477 3091 lectionem,
507 3014 545 3079 do
567 3013 627 3080 hac
653 3031 775 3097 quoque
797 3013 836 3079 ad
857 3014 1037 3098 prophetica
1062 3015 1228 3081 deuolutus
1251 3014 1370 3096 eloquia
1389 3012 1419 3076 et
1515 3041 1516 3102 p

302 3120 409 3185 exinde
445 3118 484 3184 ad
522 3116 672 3200 quasdam
706 3117 863 3201 spiritales
900 3116 1023 3184 deletus
1060 3117 1209 3184 historias
1245 3136 1299 3201 per
1334 3134 1445 3181 omnes
1515 3111 1516 3124 ¹

301 3223 528 3304 seripturarum
561 3239 672 3306 corpus
705 3220 862 3288 instabilis
896 3239 1056 3305 uagosque
1087 3222 1232 3301 iaciatur,
1264 3221 1343 3286 nibil
1367 3235 1417 3303 pro

300 3325 430 3393 arbitrio
452 3344 507 3392 suo
529 3327 709 3409 praeualens
731 3325 783 3390 nel
805 3325 926 3391 abicere
949 3325 999 3394 uel
1022 3327 1129 3391 tenere
1150 3343 1207 3390 nee
1229 3326 1322 3407 plene
1336 3323 1415 3406 quio·

352 3614 365 3665 1
386 3611 538 3680 inexplibili
560 3612 586 3667 V
612 3611 765 3680 inexplibilc
782 3611 825 3665 D¹
853 3612 1041 3681 inexplicabile
1057 3613 1102 3667 D‘
1204 3614 1222 3667 2
1244 3614 1365 3668 materies
1383 3610 1415 3665 V:

298 3698 425 3752 materias
441 3697 534 3753 cello
636 3696 761 3767 3adque
783 3698 831 3755 VO
932 3699 1054 3767 profudit
1075 3699 1117 3754 D·
1221 3698 1414 3769 bpopnacinroc

303 3786 329 3839 V
427 3782 557 3853 eatque
583 3783 632 3841 VO
733 3784 853 3839 delucide
874 3785 900 3840 V
925 3785 1067 3842 lucich
1169 3785 1356 3856 'iquitneO

298 3869 471 3939 8adqueV
571 3869 604 3923 12
628 3870 785 3925 niraicnlurn
808 3871 834 3925 V
935 3870 967 3925 13
990 3871 1133 3927 tradcdisti
1150 3871 1190 3926 1)Ι
1253 3868 1414 3945 ‚14de
1514 3891 1515 3950 3

298 3992 374 4073 sunt*
389 3987 430 4043 D¹
539 3988 572 4043 15
598 3962 698 4058 ineptis
723 3990 753 4045 D
856 3994 1022 4046 retentemus
1048 3992 1198 4049 D'OP‘X:
1227 3988 1417 4047 retinemusl'
1514 3967 1515 3982 ἵ

297 4096 447 4146 retenemus
465 4090 506 4147 1)1
537 4094 697 4148 retentimus
716 4094 753 4149 ΡΙ
850 4095 883 4150 l'l
900 4096 1039 4151 subtracta
1061 4096 1094 4152 V¹
1192 4096 1285 4150 scribt.
1306 4096 1356 4151 VO

299 4180 331 4235 19
349 4178 464 4233 uolitare
486 4176 549 4235 OX¹
634 4178 668 4233 22
686 4180 809 4237 salmoO
894 4182 928 4236 23
945 4186 1052 4237 rotatur
1068 4181 1097 4238 D
1183 4182 1317 4237 transiens
1332 4182 1358 4236 V

296 4266 331 4320 24
343 4264 465 4336 profitica
477 4264 688 4321 dcuolntan'
742 4265 777 4320 25
790 4265 891 4321 dilatus
904 4266 944 4321 D*
1031 4268 1160 4324 historias
1176 4269 1202 4323 V
1285 4264 1411 4323 cosmoe

300 4352 348 4408 VO
632 4368 634 4375 ’
