3092 4967
276 446 317 513 36
666 442 832 498 Iohannis
850 442 1011 498 Cassiani

277 634 406 711 dederit,
437 632 538 698 adhuc
566 633 714 716 indagare
742 632 946 714 disponimus,
976 630 1125 715 primitus
1152 632 1262 716 prosit,
1285 633 1321 696 ut
1344 648 1402 696 nos

277 740 314 802 de
336 736 435 817 ipsius
457 734 638 800 excellentia
660 739 691 799 et
714 735 931 819 moderatione,
954 752 1034 816 quae
1048 734 1151 817 prima
1173 733 1276 798 eidem
1299 733 1403 798 uirtus

276 840 376 905 inesse
398 836 604 921 cognoscitur,
627 837 813 903 disserentes
836 836 1056 921 disputationis
1078 857 1198 920 quoque
1214 838 1268 903 uel
1284 839 1404 919 tempo·

276 944 320 1007 ris
342 943 468 1007 modum
491 958 551 1006 uou
573 939 736 1025 permittat
757 943 908 1005 excedere.

247 1070 269 1132 4
319 1062 377 1128 His
393 1063 498 1142 itaque
512 1061 622 1125 beatus
638 1060 761 1143 Moyses
777 1059 944 1125 conlationi
959 1063 1080 1125 nostrae
1097 1061 1174 1125 daus
1189 1060 1284 1126 finem
1301 1061 1404 1127 adhue
1426 1081 1439 1122 e
1525 1059 1526 1130 ζ

277 1183 332 1231 nos
349 1164 456 1230 auidos
473 1182 509 1229 ac
525 1165 562 1227 de
578 1181 633 1228 suo
649 1182 699 1227 ore
718 1162 888 1244 pendentes
905 1163 1070 1247 degustare
1086 1182 1229 1230 somnum
1244 1165 1404 1249 paulisper
1525 1153 1526 1166 ¹

276 1269 418 1334 hortatus
434 1271 491 1347 est,
507 1268 607 1333 isdem
622 1266 700 1351 ipsis
715 1267 828 1349 quibus
843 1266 1057 1332 insidebamus
1072 1265 1217 1350 psiathiis
1230 1268 1404 1334 admoneus

277 1370 432 1449 incubare,
449 1368 621 1439 embrimiis
639 1369 757 1452 pariter
779 1369 876 1451 capiti
898 1373 1002 1434 nostro
1026 1368 1227 1434 ceruicalium
1242 1370 1310 1435 uice
1326 1372 1402 1436 sub·

276 1474 396 1557 positis,
420 1492 500 1556 quae
523 1473 725 1538 crassioribus
754 1474 879 1557 papyris
901 1473 932 1537 iu
955 1473 1063 1555 longos
1091 1474 1283 1557 gracilesque
1305 1472 1405 1540 iasci-

278 1578 363 1642 oulos
397 1577 511 1642 coactis
544 1576 752 1660 sesquipedali
787 1576 952 1641 interuallo
986 1576 1104 1660 pariter
1137 1578 1292 1660 conligata
1320 1596 1441 1644 nuncio
1525 1565 1526 1654 j

278 1682 402 1763 quidem
416 1678 629 1745 humillimum
643 1679 739 1744 sedile
755 1681 795 1743 ad
811 1678 938 1744 scabilli
960 1679 1062 1743 uicem
1077 1679 1227 1746 fratribus
1244 1680 1277 1745 in
1292 1682 1406 1763 synaxi
1525 1683 1526 1694 ’

278 1782 508 1849 considentibus
520 1784 689 1865 praestant,
703 1800 787 1848 nunc
798 1802 870 1847 uere
883 1784 1023 1848 subiecta
1035 1783 1207 1849 ceruicibus
1219 1784 1407 1850 dormienti·
1525 1815 1526 1822 ¹

279 1905 332 1979 um
353 1886 501 1970 praebent
523 1886 620 1970 capiti
643 1905 703 1951 uon
723 1885 818 1950 nimie
835 1886 958 1966 durum,
978 1887 1033 1951 sed
1049 1886 1213 1951 tractabile
1229 1891 1404 1971 aptumque

249 1988 476 2057 bfulmentum.
508 1991 547 2053 ad
562 2006 637 2072 quos
653 1989 870 2054 monachorum
887 2008 962 2054 usus
978 1990 1052 2054 haec
1068 1990 1182 2055 idcirco
1198 1990 1251 2055 uel
1267 1991 1405 2056 maxime

280 2095 431 2175 oportuna
452 2092 604 2157 habentur
619 2094 651 2156 et
667 2110 810 2177 congrua,
834 2096 914 2175 quod
929 2111 990 2157 uou
1006 2092 1108 2157 solum
1124 2092 1189 2159 siut
1204 2093 1406 2176 aliquatenus
1417 2114 1441 2152 is

280 2195 387 2261 mollia
407 2213 562 2279 paruoque
585 2196 616 2259 et
638 2213 729 2279 opere
744 2198 965 2279 praeparentur
980 2198 1012 2259 et
1026 2196 1135 2277 pretio,
1158 2199 1267 2278 utpote
1285 2196 1408 2278 passim

278 2316 393 2382 papyro
416 2317 469 2381 per
492 2298 575 2384 ripas
597 2297 666 2362 Nili
687 2297 826 2363 fluminis
849 2301 1036 2383 emergente,
1066 2299 1122 2363 sed
1145 2298 1243 2363 etiam
1266 2300 1349 2381 quod
1364 2300 1408 2364 ad

279 2402 500 2467 remouendum
533 2422 586 2467 seu
623 2421 693 2466 cum
730 2420 851 2467 neeesse
889 2402 984 2467 fuerit
1023 2402 1251 2467 admouendum
1285 2402 1408 2469 habilis

280 2505 428 2570 materiae
461 2505 601 2589 leuisque
635 2508 765 2570 naturae
800 2506 874 2570 siut.
914 2509 1006 2589 atque
1042 2507 1090 2569 ita
1122 2507 1286 2589 praecepto
1319 2508 1406 2572 senis

281 2608 405 2671 taudem
420 2626 527 2673 sumus
543 2610 581 2673 ad
597 2608 846 2693 degustationem
861 2608 963 2673 somni
978 2626 1107 2673 onerosa
1122 2607 1227 2691 quiete
1239 2610 1406 2692 conpositi,
1416 2630 1442 2669 ee

281 2712 346 2773 tem
368 2709 506 2794 digestae
530 2712 713 2777 conlationis
736 2711 921 2777 inflammati
945 2712 1058 2793 gaudie
1082 2730 1176 2794 quam
1199 2713 1407 2794 repromissae

281 2814 500 2897 disputationis
523 2815 735 2899 expectatione
758 2815 908 2897 suspensi.

334 3101 472 3156 idederet
492 3103 540 3158 W¹
625 3102 745 3157 iudicare
762 3100 803 3156 D²
893 3102 1125 3171 3disputatieues
1146 3102 1195 3158 W¹
1286 3101 1410 3157 amoses

281 3186 367 3243 D¹W
456 3188 606 3242 conlatione
622 3186 716 3243 D¹W¹
820 3189 939 3244 iisdem
956 3188 1000 3243 X:
1027 3187 1133 3242 hisdem
1150 3187 1221 3243 ΒΨ
1316 3186 1411 3241 Sern-

282 3274 388 3329 brimiss
405 3274 425 3341 (i
442 3276 521 3345 erce.)
538 3274 568 3329 D
667 3275 771 3343 capitae
789 3273 819 3328 D
919 3273 1073 3344 suppositus
1089 3273 1133 3328 D¹
1236 3273 1340 3341 equae
1356 3289 1409 3329 ona

282 3378 311 3431 1)
422 3377 597 3445 grossioribus
624 3376 655 3431 x
738 3379 801 3441 ¹ro
826 3352 923 3433 sosius
948 3378 978 3431 n
1090 3376 1272 3445 sesquipedali
1304 3375 1340 3431 w

283 3462 398 3530 bipedali
417 3464 456 3529 (bi
473 3463 505 3517 ἐπ
522 3479 576 3518 ras.
594 3480 629 3517 m.
642 3466 672 3530 2)
692 3464 723 3517 X
819 3465 852 3517 11
870 3463 979 3517 scabelli
995 3462 1089 3516 D²Xs
1189 3462 1222 3515 12
1240 3460 1412 3515 consedenti·

285 3548 333 3600 bus
354 3546 429 3601 D¹X
530 3550 562 3601 13
586 3550 714 3617 praebens
744 3548 783 3602 W
882 3550 913 3602 16
936 3557 1092 3616 reparentur
1119 3547 1188 3602 WX
1288 3546 1411 3615 praemio

286 3634 325 3690 W
426 3635 457 3688 ii
472 3640 535 3702 post
552 3638 705 3705 emergente
724 3634 835 3688 addunt
852 3634 917 3688 Xe:
947 3650 1025 3702 quam
1046 3636 1141 3702 cuique
1158 3632 1263 3687 uolenti
1279 3631 1310 3685 in
1328 3648 1412 3687 nsum

283 3720 420 3773 adsumere
437 3735 513 3773 nemo
530 3721 672 3788 prohibeat
691 3720 811 3774 desecare
896 3720 929 3773 21
947 3718 1081 3773 inflamati
1104 3720 1142 3774 W
1225 3718 1260 3772 22
1277 3721 1411 3786 suspensi.

283 3806 398 3874 Explicit
420 3806 537 3860 conlatio
561 3807 649 3874 prima
668 3811 716 3876 (pr.
735 3807 802 3860 conl.
824 3808 875 3874 W)
899 3805 1006 3859 abbatis
1025 3805 1132 3871 (abbate
1148 3803 1201 3873 12¹)
1223 3804 1291 3858 mosi
1309 3806 1413 3873 (moysi

282 3893 333 3959 12²)
357 3890 388 3945 de
411 3890 532 3945 monachi
555 3891 734 3945 destinatione
755 3892 831 3957 (dist.
850 3892 889 3957 D)
914 3892 959 3947 uel
981 3892 1041 3947 fine.
1070 3891 1171 3959 Incipit
1193 3890 1313 3945 eiusdem
1336 3890 1412 3944 senis

283 3977 397 4033 conlatio
415 3977 491 4045 (ocul.
509 3992 558 4031 om.
582 3976 629 4045 W)
652 3978 763 4031 secunda
787 3977 819 4031 de
840 3977 999 4031 discretione
1021 3977 1091 4031 DW
1125 3976 1263 4045 Incipiunt
1285 3976 1351 4043 capt
1377 3976 1413 4031 de

283 4061 397 4117 secunda
419 4062 568 4115 conlatione
590 4062 708 4115 eiusdem
731 4062 804 4117 senis
825 4063 869 4116 D:
896 4078 946 4117 om.
968 4064 1005 4119 W
1040 4063 1157 4133 Explicit
1180 4061 1297 4115 conlatio
1323 4062 1413 4131 moysi

283 4149 315 4203 de
336 4149 459 4203 monachi
482 4148 656 4203 institucione
680 4148 723 4201 uel
744 4147 806 4201 fine.
835 4148 976 4219 Incipiunt
998 4150 1117 4224 capitula
1141 4146 1275 4217 sequentis
1292 4146 1359 4200 libri
1377 4147 1412 4202 de

283 4234 397 4290 secunda
413 4234 560 4289 conlatione
578 4234 693 4287 eiusdem
713 4234 784 4287 senis
804 4233 835 4287 X

744 4410 945 4419 ——--—
