3092 4967
502 456 663 512 conlatio
686 455 775 523 run,
794 457 835 512 ee.
1167 457 1234 525 495

106 649 192 715 uelut
207 646 443 732 poenitudinem
458 664 568 730 gerens
584 646 747 712 electionis
757 663 832 712 suae
845 649 919 713 deus
929 645 1072 712 humenis
1084 646 1230 731 quodum-

17 826 18 831 *
106 752 192 817 mode
223 753 261 817 de
290 750 397 816 eodem
428 750 556 815 uocibus
579 753 674 833 utque
694 749 857 816 effectibus
881 754 1084 834 conqueratur
1108 749 1233 816 dicens:

106 854 285 938 paenitet
312 871 370 919 me
399 852 500 936 quod
529 853 815 918 constituerim
844 851 939 919 Suul
965 872 1113 938 regem:
1137 854 1232 936 quis

17 1004 18 1027 1
106 957 323 1040 dereliquit
345 975 418 1041 me,
441 959 479 1020 et
501 956 621 1022 uerba
650 973 733 1021 mee
754 973 870 1039 opere
892 974 963 1022 nen
985 957 1174 1039 inpleuit,
1198 959 1231 1022 et

17 1126 18 1146 ξ
88 1060 234 1126 siderum:
278 1059 551 1125 uerumtsmeu
603 1060 771 1142 lugebat
823 1057 1007 1125 Samuhel
1059 1058 1228 1139 Saulem,

17 1244 18 1247 Ἴ
106 1163 286 1247 quonism
318 1162 514 1228 dominum
546 1161 781 1246 paenitebat
813 1165 913 1245 quod
943 1164 1230 1229 constituisset

104 1287 232 1352 regem
269 1266 362 1335 Saul
400 1283 518 1350 super
554 1265 720 1331 Israhel.
767 1267 898 1348 denique
934 1265 993 1331 hoc
1024 1266 1105 1349 quod
1139 1262 1285 1350 opereltt

104 1372 206 1436 fuerat
241 1375 404 1437 exsecutus
441 1370 551 1452 postes
587 1367 685 1435 etium
721 1387 777 1451 per
814 1367 1008 1434 Ezechielem
1046 1372 1229 1454 prophetem

104 1477 247 1542 dominus
280 1476 473 1557 protestetur
506 1493 577 1540 cum
612 1473 757 1539 omnihus
791 1491 824 1538 se
858 1472 1038 1538 hominibus
1072 1475 1230 1541 cotidiene

75 1585 265 1664 regesturum
299 1597 365 1645 esse
397 1577 512 1644 iudicio
548 1576 670 1643 etiem
697 1579 730 1642 si
757 1578 907 1655 dixero,
938 1577 1092 1662 iuquiens,
1123 1578 1233 1644 iusto

102 1683 202 1767 quod
224 1682 313 1748 uite
335 1685 464 1764 uiuet,
487 1685 525 1747 et
547 1681 731 1749 conlisus
752 1682 793 1746 in
817 1681 981 1748 iustitis
997 1681 1229 1749 sualecerit

102 1787 381 1870 iniquitatem:
416 1803 547 1852 omues
581 1784 769 1850 iustitiae
803 1786 888 1850 elus
923 1784 1118 1851 obliuioni
1148 1787 1229 1851 tre·

103 1892 259 1969 deutur,
294 1891 331 1955 et
363 1889 401 1954 in
434 1888 670 1971 iniquitate,
705 1906 818 1972 quem
852 1893 1040 1972 operatus
1078 1892 1156 1974 est,
1190 1891 1230 1956 in

101 1996 188 2077 ipse
231 1993 434 2060 morietur.
482 1992 544 2059 sin
588 1997 716 2058 autem
761 1991 895 2058 dixero
938 1993 1060 2077 inpio:
1105 1993 1233 2059 morte

71 2098 300 2165 remetieris:
337 2099 376 2161 et
408 2097 538 2179 egerit
573 2097 869 2180 paenitentiam
903 2113 921 2160 s
952 2100 1113 2181 peccato
1147 2115 1230 2174 suo,

103 2202 328 2285 feceritque
357 2198 551 2266 iudicium
581 2200 618 2264 et
647 2198 871 2276 iustitiam,
894 2202 1037 2284 pignus
1060 2201 1233 2268 restitu-

102 2306 180 2372 erit
209 2305 283 2370 ille
316 2305 464 2387 inpius,
499 2305 753 2386 rapinamque
790 2302 1028 2380 reddiderit,
1061 2304 1099 2370 in
1129 2323 1230 2372 mun·

102 2409 208 2475 dctis
253 2408 363 2473 uites
407 2408 694 2486 embulcuerit,
735 2423 806 2472 nec
842 2405 985 2472 feeerit
1021 2409 1230 2490 quicquum

101 2514 311 2579 iniustum:
336 2511 421 2576 uite
443 2513 572 2586 uiuet,
595 2529 666 2576 nou
691 2509 893 2578 morietur.
928 2510 1231 2593 omniepeceutu

68 2618 201 2700 osius,
232 2633 331 2698 quse
360 2614 561 2698 peccauit,
593 2632 667 2679 non
693 2613 990 2698 imputabuntur
1013 2613 1058 2679 ei.
1096 2614 1286 2698 deniquel‘t

101 2738 173 2786 oum
203 2719 243 2787 eh
272 2720 328 2785 illo
351 2718 474 2802 populo,
501 2737 594 2800 quem
617 2737 653 2782 ex
675 2719 818 2784 omnihus
842 2717 988 2800 gentibus
1009 2718 1152 2784 dominus
1175 2721 1231 2786 sd·

99 2824 234 2906 optauit,
256 2827 383 2907 prepter
404 2819 542 2886 subitum
572 2820 872 2902 praeuaricationem
903 2820 1132 2886 misericordiae
1155 2840 1230 2886 suae

100 2928 268 2993 auertisset
297 2929 467 3008 aspectum,
497 2923 712 2988 interueniens
740 2943 796 3008 pro
818 2941 854 2989 eo
876 2924 1038 3007 legislator
1059 2925 1233 2992 exclamet:

100 3031 276 3109 ohsecro,
306 3029 473 3094 domiue:
503 3029 689 3111 peccauit
717 3028 886 3112 populus
917 3029 995 3093 iste
1024 3029 1231 3111 peccatum

63 3152 300 3216 umeguum,
337 3132 520 3198 fecerunt
556 3131 635 3196 sihi
673 3132 766 3197 deos
804 3149 958 3198 eureos:
991 3135 1030 3197 et
1062 3151 1164 3197 nuuc
1197 3134 1229 3196 si

100 3236 280 3303 remittis
308 3239 516 3318 peccatum
539 3252 687 3313 eorum,
711 3234 889 3300 remitte:
918 3235 979 3300 sin
1002 3235 1119 3318 elius,
1143 3233 1235 3300 dele

97 3357 157 3404 me
185 3339 228 3406 de
257 3339 361 3405 libro
391 3339 458 3404 tuo
487 3357 595 3421 quem
624 3337 844 3422 scripsisti.
885 3339 949 3404 cui
979 3337 1173 3405 dominus:
1196 3339 1230 3402 si

97 3446 205 3526 quis,
235 3442 384 3527 inquit,
415 3442 643 3527 peccauerit
672 3461 800 3509 coram
824 3460 894 3520 me,
919 3442 1055 3508 delebo
1078 3460 1162 3514 eum
1185 3441 1230 3506 de

95 3547 208 3613 libro
237 3565 328 3614 meo.
361 3547 465 3614 Dauid
494 3566 626 3631 quoque,
655 3545 728 3616 dum
760 3533 798 3613 de
827 3547 906 3613 iude
934 3550 967 3612 et
984 3545 1235 3632 persecutoribus

202 3771 343 3839 slsseg.
367 3771 461 3836 15,11
566 3769 626 3824 51.
644 3785 666 3823 c.
684 3769 717 3824 35
822 3768 857 3824 10
880 3768 971 3827 Erech.
995 3767 1036 3835 33,
1058 3769 1159 3824 13-16

95 3856 137 3910 24
156 3855 201 3910 Ex.
218 3857 261 3923 32,
280 3857 384 3912 31-33
402 3855 495 3923 (Lxx)
1088 3875 1091 3882 ’

153 4061 170 4114 4
186 4061 335 4130 dereliquid
353 4061 378 4114 Ο
473 4062 691 4115 huerumtemeu
710 4076 760 4115 om.
781 4062 805 4112 Τ
895 4061 998 4115 samuel
1016 4061 1041 4114 Ο
1137 4060 1231 4115 lesui

94 4161 188 4214 regem
207 4150 234 4200 Τ
321 4147 401 4202 isreel
419 4149 447 4199 Σ
475 4147 527 4202 riri
544 4149 569 4200 Y
658 4147 816 4201 Serecutus
834 4147 901 4199 Y'O
992 4146 1118 4200 9cottid.
1137 4147 1163 4197 'P

94 4233 135 4286 11
159 4233 235 4288 uiuet
258 4235 284 4285 Τ
310 4231 389 4286 uibet
410 4233 446 4286 0¹
550 4233 583 4286 18
600 4233 742 4302 quicquam
760 4233 893 4286 iniustum
912 4231 1006 4286 feeerit
1024 4233 1049 4284 Τ
1149 4231 1182 4284 19
1200 4233 1231 4284 et

92 4331 156 4370 nou
172 4319 214 4372 l‘v
300 4317 336 4372 20
353 4318 378 4371 ei
396 4333 446 4372 om.
464 4320 490 4369 'l'
573 4317 608 4370 22
626 4317 754 4388 subitum]
768 4317 886 4372 subitum
900 4317 982 4372 uituli
1001 4317 1048 4372 Oe
1137 4315 1171 4370 26
1188 4331 1229 4371 rs·

90 4402 193 4457 mittes
211 4405 236 4457 0
340 4407 447 4472 peccate
465 4406 490 4456 Y
590 4404 624 4458 28
647 4403 741 4473 inquid
760 4405 813 4458 ΤΟ
916 4405 949 4458 29
968 4403 1041 4472 dum]
1060 4417 1120 4457 cum
1138 4404 1163 4453 Y
