3092 4967
328 439 394 504 440
720 437 885 492 Iohannis
903 437 1060 494 Cassiani

327 631 385 697 bus
407 631 508 696 inesse
523 628 776 711 deprehenditur.
815 647 887 694 nam
899 630 1010 712 pullos
1026 630 1079 695 uel
1094 630 1212 696 catulos
1227 649 1299 696 snos
1314 633 1441 698 annuali

327 734 442 800 affectu
469 731 642 814 instigante
671 731 717 796 sic
744 731 910 815 protegunt
937 750 973 797 ac
1000 731 1184 813 detendunt,
1212 733 1249 799 ut
1275 735 1441 817 frequenter

326 856 382 920 pro
411 838 488 920 ipsis
517 839 612 902 etiam
642 835 764 901 obicere
792 854 825 901 se
855 835 1001 918 periculis
1030 838 1186 921 mortique
1214 855 1274 904 non
1298 841 1441 904 metuant.

326 941 459 1025 deniqne
482 939 579 1005 etiam
601 937 658 1004 illa
671 937 842 1004 bestiarum
859 941 910 1004 uel
925 941 1116 1020 serpentium
1129 940 1183 1006 uel
1198 940 1314 1006 alitum
1329 960 1441 1026 genera,

326 1063 404 1127 quae
432 1042 641 1110 intolerabilis
670 1042 780 1108 feritas
803 1061 839 1108 ae
862 1043 956 1108 letale
984 1043 1072 1110 uirus
1094 1043 1133 1110 ab
1156 1043 1304 1110 omnibus
1326 1047 1468 1127 separate

326 1165 362 1212 ac
382 1148 526 1226 secernit,
549 1146 586 1210 ut
607 1146 681 1210 suut
701 1145 840 1211 basilisci
862 1146 914 1212 uel
936 1147 1149 1213 monocerotes
1170 1147 1223 1214 uel
1239 1166 1364 1232 grypes,
1380 1165 1443 1212 cum
1515 1191 1516 1202 η

241 1332 245 1337 ᾖ
325 1253 420 1316 etiam
442 1251 513 1315 uisu
535 1250 602 1333 ipso
624 1249 746 1314 cunctis
761 1249 932 1330 perniciosa
947 1267 1014 1316 esse
1030 1250 1183 1336 dieantur,
1199 1249 1283 1316 inter
1297 1269 1333 1316 se
1347 1254 1442 1316 tamen

323 1373 379 1437 pro
410 1353 540 1438 originis
570 1352 670 1434 ipsius
699 1350 932 1434 affectionisque
963 1352 1115 1418 consortio
1138 1357 1251 1435 pacata
1273 1353 1306 1418 et
1327 1353 1442 1419 innoxie
1515 1417 1516 1428 ,

294 1455 532 1540 3psrsenerant
571 1458 624 1522 sed
654 1455 729 1522 haec
758 1457 863 1522 omnia
891 1473 971 1538 quae
1000 1455 1135 1522 diximus
1164 1475 1278 1540 genere
1309 1458 1442 1524 caritatis

325 1560 409 1628 sicut
436 1560 530 1626 malis
561 1578 598 1625 ac
627 1560 726 1642 bonis,
749 1557 824 1624 feris
852 1560 946 1624 etiam
970 1563 1062 1644 atque
1086 1561 1283 1642 serpentibus
1306 1561 1467 1628 uidemusa
1515 1637 1516 1642 Ἰ

325 1683 392 1732 esse
426 1664 613 1743 communia,
642 1666 688 1730 ita
719 1665 815 1729 etiam
843 1682 940 1749 usque
970 1663 1004 1729 in
1030 1663 1125 1730 finem
1153 1667 1273 1729 certum
1304 1665 1354 1730 est
1380 1683 1441 1746 per·
1515 1733 1516 1746 ,

324 1785 468 1834 seuerare
503 1786 565 1833 nou
600 1784 698 1850 posse.
743 1767 861 1833 etenim
897 1767 1101 1851 interrumpit
1133 1786 1170 1833 ea
1202 1767 1382 1850 frequenter
1412 1785 1442 1832 ac
1515 1797 1516 1856 3

325 1870 441 1937 diuidit
467 1871 606 1936 locorum
629 1872 775 1936 discretio
803 1871 836 1934 et
865 1868 983 1936 obliuio
1010 1868 1192 1953 temporalis
1221 1870 1255 1935 at
1281 1869 1370 1936 uerbi
1398 1868 1442 1932 uel

325 1991 434 2040 causae
461 1973 717 2056 negotiommque
745 1973 934 2040 contractus.
973 1976 1009 2038 ut
1043 1973 1128 2040 anim
1160 1991 1197 2038 ex
1231 1972 1365 2040 diuersis
1398 1972 1442 2037 uel
1515 2005 1516 2071 p

324 2199 414 2247 arum
445 2179 646 2248 societatibus
678 2179 801 2264 adquiri
835 2180 948 2264 solent,
985 2179 1032 2244 ita
1064 2177 1278 2246 intercedente
1311 2178 1442 2264 qualibet

325 2283 452 2350 diuortii
475 2283 634 2348 occasione
660 2284 835 2349 soluuntur.

367 2404 428 2470 111.
455 2401 493 2470 In
519 2403 569 2469 his
596 2403 695 2487 igitur
723 2404 843 2468 cunctis
869 2421 968 2468 unum
991 2403 1038 2468 est
1059 2420 1159 2484 genas
1182 2403 1347 2470 insolubile
1368 2402 1441 2469 cari·
1515 2385 1516 2458 ἶ

324 2508 412 2586 tatis,
435 2507 516 2590 quod
538 2526 595 2573 nec
618 2507 882 2572 conmendationis
904 2507 1007 2589 gratia
1029 2524 1085 2572 nec
1106 2505 1202 2573 officii
1217 2506 1270 2572 uel
1287 2524 1440 2572 munerum
1515 2499 1516 2521 ¹

324 2611 508 2694 magnitudo
531 2611 751 2676 contractusue
773 2611 959 2693 cuiusquam
974 2609 1055 2676 ratio
1069 2611 1122 2676 uel
1136 2614 1267 2678 naturae
1281 2610 1467 2677 necessitudo

325 2713 437 2796 iungit,
460 2713 514 2778 sed
536 2715 601 2779 sola
623 2713 798 2780 similitudo
820 2714 986 2780 uirtutum.
1023 2715 1111 2794 haec,
1141 2715 1281 2797 inquam,
1305 2717 1351 2780 est
1371 2731 1441 2796 quae

324 2816 421 2882 nullis
450 2835 599 2899 nmquam
628 2819 751 2882 casibus
778 2816 940 2899 scinditur,
964 2836 1057 2900 quam
1079 2835 1140 2882 non
1161 2817 1265 2882 solum
1287 2817 1441 2884 dissociare
1515 2873 1516 2880 ,

324 2919 377 2986 uel
405 2919 508 2984 delere
537 2919 674 2985 locorum
696 2919 747 2984 uel
775 2921 951 3001 temporum
979 2919 1149 2986 interualla
1171 2937 1233 2985 non
1256 2919 1440 3002 praenotant,

294 3021 380 3088 2sed
401 3041 441 3088 ne
462 3041 546 3088 mors
568 3022 694 3105 quidem
717 3026 784 3104 ipsa
805 3021 938 3089 diuellit.
977 3023 1055 3089 haeo
1070 3026 1118 3088 est
1133 3040 1209 3089 nera
1224 3026 1257 3088 et
1274 3023 1441 3106 indisrupto
1515 3074 1516 3094 r

325 3125 461 3211 dilectio,
491 3144 571 3209 quae
597 3126 721 3210 gemine
748 3127 920 3192 amicornm
947 3125 1137 3208 perfectione
1165 3143 1201 3191 ac
1228 3125 1349 3192 uirtute
1375 3141 1466 3190 oon-s

324 3228 447 3311 crescit,
478 3228 566 3294 cuius
594 3230 693 3294 semel
714 3228 832 3294 initum
855 3229 965 3296 foedus
987 3247 1044 3294 neo
1065 3229 1289 3296 desideriorum
1312 3229 1440 3294 uarietas

322 3351 380 3400 nec
401 3331 598 3398 contentiose
618 3333 792 3415 dismmpot
822 3332 1029 3397 contrarietas
1050 3331 1263 3398 uoluntatum.
1310 3335 1440 3398 ceterum

323 3435 440 3502 multos
468 3437 612 3502 nouimus
641 3435 675 3500 in
701 3435 760 3501 hoc
787 3437 945 3517 proposito
979 3435 1175 3516 constitutos,
1209 3436 1263 3518 qui
1293 3448 1440 3516 cumpro

323 3538 455 3604 caritate
485 3537 603 3605 Christi
629 3537 875 3622 flagrantissima
902 3539 1004 3604 essent
1026 3536 1193 3604 sodalitate
1216 3537 1362 3617 deuincti
1385 3551 1440 3598 non

322 3643 473 3723 perpetuo
507 3659 576 3706 eam
608 3659 666 3708 neo
698 3643 872 3723 indisrupte
901 3659 1025 3707 seruam
1053 3643 1233 3724 potuerunt,
1263 3640 1344 3723 quia,
1372 3639 1468 3704 liceto

322 3745 401 3810 bono
424 3744 584 3810 societatis
606 3745 761 3828 principio
783 3745 972 3825 niterentur,
1002 3762 1064 3810 non
1088 3746 1196 3810 tamen
1217 3761 1279 3810 uno
1303 3761 1356 3809 nec
1376 3738 1438 3824 pari
1515 3821 1516 3866 1

377 3944 626 4014 idepraehinditur
643 3946 674 3997 Π
761 3945 874 4001 detiam
887 3961 937 4002 oea.
950 3949 975 4000 Τ
1063 3947 1285 4004 5hominibns‘1'
1369 3943 1439 4011 boc]

323 4033 351 4085 et
369 4032 397 4082 Σ
423 4046 453 4085 ae
470 4030 509 4082 Πι
606 4031 807 4088 monocherotes
831 4033 876 4086 uel
899 4048 1013 4102 gryppes
1036 4035 1061 4085 Y
1086 4031 1171 4102 griies
1193 4033 1218 4086 0
1317 4032 1332 4086 ‘i
1348 4031 1441 4100 perdit
1515 4052 1516 4102 i

322 4117 383 4170 ΠΤ
466 4117 500 4171 10
512 4118 627 4172 uidimus
639 4119 670 4170 Π
754 4120 785 4173 11
799 4119 838 4188 in]
851 4119 885 4173 ad
898 4121 923 4171 Ψ
1002 4118 1035 4173 16
1047 4118 1232 4189 societatibus]
1245 4114 1440 4174 necessitatibus
1515 4109 1516 4184 t

323 4205 350 4256 Τ
444 4202 564 4273 quolibet
581 4205 609 4256 Σ
708 4205 740 4260 17
759 4207 915 4261 occansione
932 4206 962 4258 Π
1057 4205 1092 4259 20
1109 4207 1314 4275 contractusque
1328 4205 1378 4260 He
1515 4190 1516 4278 ¹

323 4291 358 4346 24
374 4294 433 4361 ipsa
449 4291 559 4360 quidem
576 4292 604 4342 Σ
693 4291 728 4347 28
745 4294 911 4348 constitutus
929 4294 959 4345 Π
961 4296 968 4323 ¹
1059 4292 1094 4347 29
1111 4291 1334 4363 flagrantissimae
1350 4291 1381 4343 Π
1515 4279 1516 4354 t

323 4377 462 4433 soliditate
479 4379 507 4429 Σ
609 4378 644 4431 30
660 4381 805 4447 potuerant
822 4381 849 4432 Τ
948 4379 979 4434 31
1000 4377 1079 4450 bono]
1098 4393 1151 4434 uno
1168 4380 1208 4432 11¹
