3092 4967
471 468 633 525 conlatio
658 466 752 532 VIIII,
771 467 847 523 2-4.
1159 466 1223 533 258

114 684 159 730 um
183 660 453 747 procumbentibus
480 658 571 725 uobis
599 658 636 723 ad
666 676 800 743 prooem,
831 658 997 724 uerborum
1025 676 1147 741 quoque
1172 658 1224 724 uel

112 785 241 834 sumum
261 768 334 830 ante
355 765 459 829 oeulos
474 764 578 846 imago
600 762 786 846 praeludens
800 763 855 827 aut
869 762 962 827 irasci
978 779 1033 827 uos
1049 760 1221 829 seeundum

113 870 331 955 pmeoedentem
374 867 560 950 qualitatem
606 868 662 931 aut
705 867 825 931 tristari
868 866 925 931 aut
960 867 1223 949 nononpisoeutias

113 991 244 1039 eruamur
274 970 460 1054 praeteritas
494 974 665 1035 retractare
698 974 755 1035 aut
787 970 851 1035 risu
879 968 977 1047 fatuo,
1012 969 1095 1054 quod
1126 972 1224 1037 stiam

95 1078 196 1160 rpudet
224 1076 334 1154 disere,
363 1074 544 1156 oniusqnam
573 1074 713 1138 scurrilis
743 1072 822 1138 dieti
851 1073 901 1137 nel
931 1072 1008 1139 laeti
1037 1074 1223 1140 titillatione

111 1180 216 1264 pulsari
246 1185 302 1245 aut
337 1179 378 1244 ad
412 1181 528 1261 priores
563 1177 658 1243 iaoiet
685 1178 817 1243 uolitare
845 1177 1012 1243 obeamus.
1050 1182 1082 1243 et
1109 1177 1254 1244 ideiroot

112 1284 246 1366 quoquo
267 1282 427 1349 orantibus
449 1281 539 1347 nobis
561 1280 708 1345 uolumus
730 1285 767 1346 ut
788 1280 919 1364 inrepat,
952 1283 1025 1346 ante
1047 1282 1221 1348 arabonam

112 1387 143 1453 de
175 1387 272 1473 nuptis
298 1385 398 1453 nostri
421 1385 557 1468 proteris
587 1382 751 1450 extrudere
780 1384 974 1466 festinemus,
1004 1388 1040 1451 ut
1067 1385 1115 1451 ita
1141 1386 1221 1452 illud

111 1492 298 1573 apostolieum
319 1488 475 1573 possimus
497 1488 632 1571 inplere:
662 1488 747 1553 sine
776 1488 1077 1555 intermissione
1094 1494 1222 1569 orate,

85 1596 151 1665 oet:
170 1594 205 1659 iu
227 1593 327 1660 omni
350 1594 436 1659 loeo
458 1594 646 1658 leuantes
676 1611 797 1675 puras
826 1610 963 1657 manus
990 1593 1079 1657 sine
1102 1594 1162 1658 ira
1185 1595 1224 1659 et

111 1700 403 1781 disseptatione.
440 1696 519 1762 alias
540 1715 676 1779 namque
702 1695 886 1761 mudatnm
901 1696 986 1761 istud
1001 1696 1146 1780 periinere
1161 1714 1221 1763 non

110 1801 281 1879 ualebimua
304 1800 366 1867 nisi
387 1818 475 1865 mens
502 1804 610 1865 nostra
630 1801 670 1866 ab
692 1799 776 1864 omni
799 1798 951 1864 uitiorum
967 1798 1133 1881 purificata
1148 1818 1221 1866 oon·

111 1906 183 1990 bp'o
208 1906 380 1972 uirtutibus
407 1904 533 1971 tantum
561 1905 651 1969 uelut
678 1902 877 1969 naturalibus
908 1904 996 1969 bonis
1025 1903 1131 1969 dedita
1156 1904 1223 1988 iugi

112 2009 317 2093 omnipotentis
339 2007 388 2073 dei
412 2007 675 2090 oontemplatione
694 2010 851 2091 pascatur.

85 2160 104 2201 u
143 2132 215 2197 IIII.
231 2132 358 2197 Etenim
373 2130 511 2213 qualitas
527 2133 649 2196 animae
665 2148 727 2195 non
738 2132 844 2212 inepte
857 2128 1083 2195 subtilissimae
1097 2130 1223 2211 plumae

108 2252 153 2299 seu
172 2254 287 2318 penum
309 2234 488 2300 lenissimae
515 2235 710 2317 conparatur.
749 2252 828 2317 quae
851 2236 879 2299 si
901 2235 1018 2299 umoris
1049 2235 1223 2317 cuiuspiam

109 2336 286 2404 extrinsecus
307 2336 484 2403 renodantis
506 2335 702 2420 eorruptione
724 2336 840 2401 uitiata
854 2354 916 2402 non
930 2336 1024 2402 fuerit
1038 2338 1089 2401 uel
1104 2338 1218 2414 inlusa,

108 2441 273 2508 mobilitate
311 2441 505 2508 substantiae
548 2458 623 2506 suae
659 2440 836 2505 tenuissimi
876 2442 1005 2523 spiritus
1042 2440 1222 2507 adiumento

108 2545 185 2611 uelut
206 2545 395 2611 naturaliter
417 2546 456 2611 ad
475 2544 623 2612 sublimia
645 2544 851 2627 caelestiaque
866 2545 1053 2610 sustollitur.
1085 2544 1135 2609 siu
1149 2564 1223 2611 nero

84 2650 211 2714 sumeris
233 2650 418 2731 cuiusquam
446 2648 611 2732 aspargine
632 2648 684 2712 uel
705 2646 863 2713 inlusione
889 2648 984 2714 inerit
1006 2650 1222 2733 praegrauata,

107 2770 160 2817 non
179 2753 270 2818 modo
292 2753 327 2817 in
347 2752 451 2817 nullos
473 2752 572 2817 aenos
601 2752 726 2817 uolatus
749 2750 886 2816 naturali
917 2750 1093 2817 mobilitate
1115 2754 1222 2834 rapta-
1333 2764 1336 2767 ·

108 2855 192 2932 bitur,
220 2857 273 2921 sed
303 2857 399 2921 etiam
422 2856 461 2921 ad
483 2855 549 2921 ima
570 2856 674 2920 terrae
704 2855 844 2939 consepti
871 2854 987 2921 umoris
1009 2858 1143 2941 pondere
1165 2856 1220 2921 de-

108 2958 258 3038 primetur.
295 2960 344 3023 ita
365 2978 452 3024 meus
474 2978 595 3044 quoque
617 2962 724 3025 nostra
740 2960 767 3023 si
783 2959 1002 3025 aeoedontibus
1018 2960 1106 3023 uitiis
1122 2960 1218 3025 euris·
1233 2956 1254 3021 2

110 3078 161 3141 que
185 3062 350 3128 mundanis
379 3066 549 3145 adgrauata
576 3080 638 3127 non
660 3062 755 3129 fuerit
782 3063 928 3129 uorieene
951 3062 1092 3129 libidinis
1115 3082 1223 3128 umore

84 3167 250 3248 arormpta
287 3166 378 3232 uelut
412 3166 549 3231 naturali
585 3167 733 3250 puritatis
768 3184 843 3233 suae
876 3166 1026 3233 benefitio
1063 3167 1224 3232 subleuata

110 3264 257 3333 leuissimo
268 3268 421 3351 spiritalis
434 3269 647 3335 meditationis
659 3268 778 3335 adflatu
789 3269 1012 3335 sublimabitur
1024 3271 1063 3335 ad
1079 3288 1223 3353 superna,

198 3466 453 3533 altimetra
557 3469 790 3534 lollianae

153 3648 289 3705 bsourilia
306 3652 394 3706 DPX
478 3654 632 3722 6aut1nel
654 3655 707 3711 ΟΧ
792 3654 825 3709 ad
844 3670 894 3709 ora.
911 3655 937 3709 V
1019 3650 1173 3723 lquiequid
1191 3652 1231 3708 W

114 3732 159 3787 ΟΧ
238 3739 342 3807 inripat
357 3740 405 3796 VV¹
491 3740 608 3797 Seditie
623 3742 715 3798 WOX
743 3742 843 3796 abolitis
861 3742 907 3796 Pe
993 3738 1222 3795 9intirmiseione

113 3819 135 3869 V
227 3826 260 3878 10
276 3842 368 3881 manoe
385 3827 425 3882 D¹
526 3829 555 3883 ll
575 3828 766 3897 dieoiptatione
788 3830 815 3884 V
916 3828 949 3881 12
966 3827 1113 3882 ualibimus
1133 3826 1161 3882 V

110 3909 413 3981 onbpopurifleatev
505 3915 540 3969 13
550 3918 660 3971 tentum
672 3917 750 3970 uelut
761 3914 993 3970 naturalibusorre
1009 3914 1046 3971 W
1136 3910 1225 3966 didita

113 3994 136 4045 V
226 4000 327 4056 15111
353 4003 381 4059 V
479 4002 587 4071 ineptae
610 4004 657 4057 eod
679 4002 710 4057 D
813 4002 907 4071 suptil.
935 4002 974 4058 W
1074 4000 1106 4053 16
1129 3998 1224 4067 pinnae

110 4079 169 4137 1³¹0
187 4085 352 4152 pinnuleeP
445 4090 566 4144 humoris
580 4090 671 4147 WOP
768 4089 801 4143 17
819 4088 967 4143 aeoedentis
980 4088 1019 4141 P:
1041 4084 1185 4140 annitentis
1201 4082 1229 4139 V

111 4173 243 4230 naono
329 4176 362 4231 19
381 4176 535 4231 sustullitur
550 4178 577 4233 V
661 4177 696 4231 20
713 4177 833 4231 humoris
850 4174 940 4231 WOP
1025 4172 1165 4242 aspargine
1188 4169 1224 4225 Or

112 4264 237 4333 aspergine
253 4267 313 4323 rell.
407 4264 443 4319 22
459 4264 494 4319 erl
511 4264 575 4333 ima]
594 4280 611 4317 a
628 4264 691 4333 (rie)
709 4264 739 4320 D
829 4262 949 4319 humoris
970 4260 1092 4317 WOPX
1180 4256 1225 4311 do·

113 4352 224 4417 primitur
243 4354 340 4409 VDW
427 4352 461 4408 23
479 4353 661 4407 accidentibus
682 4350 764 4406 VDO
855 4348 889 4403 24
907 4350 999 4401 noxiae
1017 4346 1060 4399 nel
1078 4344 1159 4400 DOP

114 4436 210 4496 humore
225 4442 317 4500 Wox
412 4442 445 4495 25
459 4444 586 4507 surrupta
601 4440 635 4495 V¹
727 4436 844 4492 uelutin
861 4436 907 4491 W¹
997 4430 1161 4487 benefitioV
