3092 4967
510 449 672 506 Oculatio
695 451 769 518 XVI,
786 451 880 506 8-12.
1192 455 1256 523 44¹1

21 696 22 727 3
137 639 213 704 lum
234 637 355 718 lueis,
377 641 413 704 ut
435 637 599 704 obscuram
622 657 658 704 ao
679 642 815 705 taetram
837 640 1004 726 caliginem
1027 661 1174 710 sensuum
1197 663 1251 728 pro

136 759 206 805 uero
236 739 383 806 scientiae
412 741 531 806 lumine
553 739 767 807 fraudulenter
793 741 943 809 offundat
980 743 1034 828 qui
1056 747 1116 810 nisi
1139 746 1253 812 humili

135 847 165 908 et
184 845 347 910 mansueto
368 846 457 910 oorde
471 843 609 926 suseepti
629 843 835 910 maturissimi
849 843 958 910 fratris
974 847 1024 911 uel
1039 847 1253 930 probatissimi
1273 895 1282 902 -

134 949 262 1015 senioris
284 950 478 1016 reseruentur
504 948 639 1015 examini
653 951 685 1015 et
700 967 806 1014 eornm
820 949 935 1016 iudicio
950 949 1119 1033 diligenter
1134 951 1253 1018 excussi

119 1051 188 1116 saut
208 1052 381 1120 obiciantur
402 1056 458 1120 aut
478 1053 666 1137 recipiantur
689 1070 709 1117 a
730 1051 829 1132 nobis,
858 1053 925 1118 sine
952 1055 1045 1120 dnbio
1068 1059 1253 1122 uenerantes

133 1156 165 1220 iu
186 1156 425 1240 cogitationibus
447 1156 561 1223 nostris
582 1175 638 1239 pro
660 1157 771 1239 angelo
792 1157 872 1222 lueis
893 1157 1038 1242 angelum
1055 1158 1254 1226 tenebramm

132 1257 315 1340 grauissimo
338 1259 487 1324 feriemur
507 1259 649 1324 interitu.
686 1277 782 1342 quarn
807 1259 977 1342 perniciem
1000 1260 1182 1344 inpossibile
1204 1264 1253 1328 est

134 1360 260 1426 euadere
282 1363 462 1446 qnempiam
483 1361 597 1428 iudicio
618 1364 741 1447 proprio
756 1362 971 1444 sentientem,
987 1363 1048 1428 nisi
1063 1363 1252 1432 humilitatis

133 1483 223 1530 uerae
243 1467 364 1531 amator
385 1468 419 1532 et
439 1466 596 1532 exsecutor
616 1465 745 1532 edemus
758 1465 838 1531 illud
854 1466 936 1549 quod
950 1467 1107 1550 apostolus
1122 1485 1253 1552 magno-

101 1587 201 1650 ropere
230 1570 413 1654 deprecatur
443 1571 528 1635 omni
558 1570 745 1637 contritione
775 1570 876 1636 cordis
902 1570 1089 1654 inpleuerit:
1120 1572 1153 1636 si
1180 1576 1282 1655 quai

135 1690 220 1757 ergo
264 1672 484 1739 consolatio
528 1673 570 1739 in
613 1671 795 1750 christo,
837 1673 872 1738 si
915 1673 1015 1756 quod
1058 1673 1250 1740 solacium

133 1775 333 1862 caritatis,
367 1778 399 1843 si
429 1796 501 1861 qua
529 1781 688 1843 uiscera
708 1779 746 1841 et
768 1775 1065 1855 miserationes,
1096 1775 1252 1861 inplete

129 1879 315 1960 gaudium
347 1899 483 1958 meum,
517 1881 559 1944 ut
592 1880 693 1945 idem
725 1877 914 1964 sapiatis,
956 1881 1117 1946 eandem
1153 1881 1251 1947 cari·

130 1981 251 2048 tatem
282 1981 487 2065 habentes,
520 1981 742 2067 unanimes,
776 1979 814 2046 id
847 1983 977 2065 ipsum
1009 1983 1250 2066 sentientes,

99 2082 235 2148 snihil
257 2101 322 2168 per
345 2083 642 2150 contentionem
664 2102 787 2166 neque
808 2085 1250 2169 perinanemgloriam,

127 2189 195 2252 sed
224 2186 266 2250 in
295 2186 521 2254 humilitate
542 2187 767 2270 superiores
789 2187 988 2254 nobismet
1009 2188 1109 2273 ipsis
1132 2188 1251 2257 alter-

125 2294 258 2356 utrum
302 2290 569 2368 arbitrantes,
615 2293 647 2356 et
682 2289 778 2356 illud:
823 2290 968 2358 honore
1011 2291 1251 2358 alterutrum

125 2396 449 2478 praeuenientes,
473 2393 601 2476 utplus
630 2393 843 2477 unusquisque
870 2395 1003 2460 consorti
1025 2412 1080 2459 suo
1102 2395 1250 2462 scientiae

126 2499 158 2562 et
181 2496 361 2564 sanctitatis
384 2498 561 2563 adscribens
576 2515 733 2564 summam
749 2495 949 2562 discretionis
964 2516 1056 2562 nerse
1071 2495 1105 2561 in
1120 2497 1250 2564 alterius

95 2601 229 2683 armagis
251 2619 347 2684 quam
369 2618 424 2665 sno
448 2601 555 2665 credat
577 2602 660 2666 stare
682 2599 809 2666 iudicio.

167 2703 244 2770 XII.
268 2703 366 2787 Saepe
394 2707 499 2769 autom
522 2703 637 2770 accidit
659 2705 726 2769 siue
747 2702 903 2769 inlusione
925 2699 1042 2768 diaboli
1064 2705 1130 2769 siue
1152 2704 1249 2769 inter·

126 2825 215 2873 sessu
245 2807 358 2872 erroris
387 2806 525 2888 hnmani,
557 2825 617 2891 quo
646 2808 753 2872 nullus
782 2809 831 2872 eet
852 2805 886 2872 in
907 2805 967 2872 heo
988 2824 1082 2872 carne
1106 2807 1159 2890 qui
1181 2807 1249 2874 ialli

124 2913 214 2976 uelut
235 2912 328 2976 homo
349 2927 412 2975 non
433 2911 542 2992 possit,
565 2913 601 2975 ut
623 2914 654 2975 et
675 2910 731 2975 ille
745 2909 907 2976 interdum
922 2911 975 2993 qni
988 2909 1117 2976 acrioris
1131 2911 1249 2996 ingenii

123 3014 332 3098 edentiaeque
366 3013 493 3078 maioris
526 3017 574 3078 est
603 3012 721 3096 aliquid
751 3013 867 3080 falsum
896 3017 1000 3079 mente
1031 3014 1194 3096 concipiet,
1217 3017 1250 3080 et

92 3116 179 3182 sille
200 3117 258 3200 qui
279 3115 425 3183 tardioris
447 3116 564 3200 ingenii
588 3135 624 3182 ao
645 3115 773 3180 minoris
801 3119 849 3180 est
871 3116 977 3181 meriti
999 3116 1112 3181 rectius
1128 3115 1248 3200 aliquid

124 3221 294 3302 neriusque
316 3219 517 3304 praesentiat.
554 3226 586 3285 et
608 3220 723 3285 ideirco
749 3219 855 3285 nullus
878 3219 939 3284 sibi
961 3220 1104 3302 quamuis
1118 3219 1249 3285 seientia

121 3324 287 3406 praeditus
323 3325 409 3390 inani
446 3327 568 3389 tumore
604 3323 793 3406 persuadeat
828 3321 910 3406 qnod
942 3321 1040 3406 possit
1076 3322 1249 3388 conlatione

121 3427 258 3494 alterius
280 3447 340 3493 non
372 3446 472 3511 egere.
511 3447 582 3493 nam
606 3426 728 3492 etiamsi
753 3425 904 3492 iudicium
927 3428 992 3493 eius
1015 3424 1167 3491 diabolica
1188 3441 1249 3492 non

226 3607 263 3661 10
280 3605 350 3661 Phil.
368 3607 393 3671 2,
413 3607 480 3661 1-3
584 3607 616 3660 17
633 3607 709 3660 Rom
728 3607 770 3672 12,
789 3606 824 3661 10

171 3774 187 3826 1
206 3773 324 3824 metram
340 3771 383 3825 11:
410 3773 509 3823 tetram
527 3770 615 3823 M‘O
707 3770 725 3824 2
742 3769 930 3827 fraudulentur
946 3769 985 3822 11¹
1011 3769 1194 3824 fraudolenter
1211 3771 1247 3821 d’e

118 3889 170 3928 ore.
195 3875 227 3926 Σ
330 3873 450 3928 effundet
472 3873 547 3926 ΣΙΡ
577 3873 695 3928 offendat
720 3873 746 3926 0
847 3873 996 3929 tectiores
1014 3871 1054 3924 11ι
1156 3871 1248 3940 'lpoae

116 3960 236 4014 interitu
253 3960 287 4012 in
303 3960 363 4012 ΣΤ
376 3964 429 4015 eet:
455 3959 497 4015 XI
593 3959 691 4028 potnit
709 3960 740 4011 H
839 3960 856 4013 9
873 3961 995 4014 executor
1013 3957 1038 4012 0
1135 3957 1168 4009 11
1186 3970 1248 4010 oon-

111 4047 220 4100 ·eulatio
242 4045 283 4097 Π1
384 4047 419 4102 12
436 4047 539 4101 uiscera
554 4045 738 4100 miserationis
756 4049 800 4102 d'o
904 4045 937 4102 15
960 4045 1129 4100 contentione
1150 4043 1182 4094 Π

117 4132 151 4186 16
166 4133 199 4186 in
217 4147 270 4186 ouo.
288 4132 345 4185 t‘O
429 4131 611 4186 humilitatem
629 4132 669 4184 Π1
756 4133 788 4187 11
807 4131 904 4188 bonore
917 4135 1010 4186 mutuo
1028 4130 1080 4183 ΤΟ
1164 4129 1247 4182 alter·

115 4223 210 4275 utrum
229 4233 280 4272 om.
300 4216 325 4271 0
428 4218 461 4272 19
478 4233 583 4272 summa
598 4217 630 4270 Π
729 4217 765 4271 20
782 4233 863 4288 quam
880 4217 909 4272 in
927 4218 973 4273 i'o
1075 4215 1107 4268 21
1131 4213 1188 4268 sine
1205 4212 1247 4267 in·

114 4303 224 4358 lusione
242 4303 345 4360 diaboli
361 4319 413 4360 oea.
430 4306 475 4357 ll
555 4303 763 4375 22qu01quod
788 4304 813 4358 0
915 4303 950 4358 26
967 4299 1115 4372 persentiat
1132 4298 1180 4353 Oe

116 4391 215 4458 queuis
233 4389 264 4442 11
365 4389 399 4445 ti
416 4391 447 4446 in
465 4389 608 4446 collatione
626 4391 652 4443 1·
