3092 4967
247 453 268 515 4
712 446 901 501 Praefatio.

247 639 413 722 antequam
436 637 571 702 disseret
596 635 826 719 adprehendens
847 657 908 703 non
931 642 997 701 tem
1019 638 1082 702 suis
1097 635 1366 705 adiuuentionibus

247 759 340 825 quam
368 742 491 805 illorum
524 740 742 805 traditionibus
771 741 885 806 maluit
918 739 1044 806 erudiri.
1082 742 1115 805 in
1143 739 1254 822 quibus
1288 740 1367 805 mihi

246 862 329 910 nuno
352 845 495 926 inportu
525 843 643 907 silentii
675 844 846 909 constituto
868 847 1044 909 inmensum
1066 844 1195 925 pelagus
1217 844 1364 926 aperitur,

247 953 282 1013 nt
304 948 422 1014 soilioet
444 950 481 1011 de
502 946 648 1010 instituto
671 948 763 1029 atque
787 947 929 1012 doetrina
945 950 1104 1012 tantorum
1118 946 1257 1009 uirorum
1272 964 1367 1027 quae·

217 1051 318 1117 4dam
346 1051 468 1115 tradere
497 1048 628 1113 audeam
656 1051 823 1115 memoriae
851 1050 1038 1114 litterarum.
1075 1051 1163 1114 tanto
1190 1048 1275 1112 enim
1296 1066 1403 1131 pro-s

247 1154 397 1220 fundioris
419 1152 627 1236 nauigationis
649 1152 796 1235 perieulis
817 1152 939 1236 fragilis
961 1151 1083 1235 ingenii
1098 1155 1210 1217 onmba
1224 1152 1367 1219 iactanda

247 1260 304 1335 est,
328 1259 480 1339 quantum
503 1274 521 1319 a
543 1256 694 1320 coenobiis
720 1255 913 1320 anachoresis
936 1258 968 1319 et
989 1257 1028 1319 ab
1050 1253 1166 1319 actuali
1188 1254 1265 1332 uita,
1289 1273 1368 1337 quae

247 1361 280 1424 in
292 1359 580 1442 congregationibus
592 1362 757 1436 exercetur,
767 1358 986 1441 oontemplatio
998 1357 1057 1440 dei,
1066 1358 1116 1423 oni
1127 1356 1177 1422 illi
1188 1358 1367 1423 inaestima-

247 1462 325 1527 biles
352 1460 413 1525 uiri
441 1478 563 1543 semper
595 1460 705 1525 intenti
728 1461 813 1536 sunt,
841 1462 940 1526 maior
967 1462 1101 1543 aetnqne
1123 1460 1287 1526 sublimior
1310 1466 1367 1526 est.

247 1569 386 1632 uestrum
418 1564 517 1649 igitur
540 1566 587 1628 set
613 1566 742 1629 oonatus
766 1563 889 1629 nostros
910 1563 972 1645 piis
993 1562 1184 1629 orationibus
1207 1563 1403 1641 adiuuararo

247 1689 285 1734 ne
308 1671 362 1733 aut
383 1674 450 1732 tam
471 1671 579 1733 saneta
601 1666 732 1732 materia
754 1667 886 1749 inperito
902 1668 1035 1749 quidem,
1058 1668 1112 1732 sed
1126 1667 1212 1733 fideli
1227 1684 1368 1733 sermone

247 1771 416 1855 promenda
443 1770 638 1852 periclitetur
660 1770 693 1834 in
717 1772 806 1835 nobis
833 1774 888 1834 aut
909 1787 1033 1835 rursum
1056 1769 1194 1836 eiusdem
1216 1770 1368 1835 materiae

219 1872 369 1957 babyssis
401 1872 551 1939 obruatur
583 1873 689 1937 nostra
721 1873 888 1937 rusticitas.
926 1872 1054 1956 proinde
1083 1872 1122 1938 ab
1152 1873 1301 1937 exteriore
1332 1891 1369 1939 ao

248 1977 366 2043 uisibili
395 1976 617 2043 monachorum
644 1976 741 2055 uultu,
765 1994 858 2058 quem
879 1974 1034 2059 prioribus
1057 1976 1245 2060 digessimus
1267 1974 1367 2054 libris,

250 2081 289 2145 ad
320 2080 509 2145 irrisibilem
537 2078 692 2144 interioris
721 2078 857 2144 hominis
883 2079 1027 2144 habitum
1049 2082 1256 2156 transeamus,
1279 2083 1310 2143 et
1333 2080 1405 2153 deff

249 2185 464 2250 erronearum
493 2184 666 2249 orationum
693 2184 785 2247 modo
809 2183 848 2246 ad
870 2182 958 2247 illius
984 2200 1078 2264 quarn
1100 2183 1257 2265 apostolus
1279 2199 1387 2264 prae-7

249 2287 324 2370 oipit
346 2287 495 2352 orationis
517 2286 681 2369 perpetuae
703 2285 868 2369 iugitatem
884 2288 1029 2351 ascendat
1044 2286 1211 2368 eloquium,
1234 2288 1270 2349 ut
1285 2285 1369 2367 qnis-

250 2389 319 2474 quis
347 2391 411 2455 iem
440 2388 606 2471 superioris
634 2389 734 2471 operis
764 2389 897 2453 lectione
924 2388 1020 2453 laoob
1042 2388 1130 2453 illius
1152 2385 1369 2470 intellegibilis

249 2512 360 2559 nomen
375 2493 545 2559 carnalium
560 2492 710 2558 uitiorum
720 2490 973 2574 subplantatione
985 2492 1163 2573 promeruit,
1177 2510 1259 2557 nuno
1274 2491 1370 2556 etiam

251 2617 311 2663 non
339 2598 404 2661 tam
436 2614 504 2661 nrea
526 2613 620 2677 quam
649 2596 775 2679 patrum
796 2595 944 2660 instituta
964 2596 1136 2677 suscipiens
1158 2594 1283 2659 diuinae
1304 2595 1407 2665 ianr„

250 2700 395 2784 puritatis
427 2698 545 2764 intuitu
578 2699 617 2763 ad
651 2700 797 2765 meritum
827 2702 859 2763 et
886 2702 922 2763 nt
951 2699 997 2764 ita
1024 2698 1155 2764 dixerim
1184 2697 1372 2781 dignitatem

252 2804 403 2869 transiens
431 2800 586 2879 israhelis,
619 2802 693 2884 quid
721 2802 755 2866 in
783 2801 841 2866 boo
867 2820 987 2885 quoque
1015 2802 1209 2883 perfeetionis
1237 2800 1371 2865 culmine

222 2904 361 2973 6debeat
382 2904 543 2971 obseruare
570 2904 716 2970 similiter
742 2906 926 2970 instruatur.
965 2904 1126 2969 obtineant
1147 2907 1252 2986 itaque
1274 2902 1372 2969 orati-

252 3026 323 3075 ones
355 3011 475 3073 nestrae
503 3006 542 3073 eb
566 3025 601 3072 eo
624 3008 677 3091 qui
698 3006 809 3091 dignos
832 3026 887 3073 nos
908 3006 960 3072 uel
981 3007 1053 3072 uisu
1074 3025 1181 3072 eornm
1205 3006 1256 3071 uel
1278 3005 1372 3071 disei-

251 3113 362 3196 pulatu
383 3110 434 3176 uel
458 3112 611 3177 oonsortio
633 3111 796 3192 iudicauit,
819 3112 855 3175 nt
877 3110 966 3177 nobis
983 3112 1152 3175 earundem
1166 3110 1407 3179 traditionumrs

252 3216 433 3281 memoriam
454 3213 578 3298 plenem
601 3218 632 3279 et
653 3232 827 3280 sermonem
851 3216 891 3280 sd
912 3214 1075 3280 dioendum
1097 3214 1221 3280 facilem
1236 3212 1373 3278 eonferre

252 3317 409 3400 dignetur,
439 3337 499 3401 quo
527 3319 594 3385 tarn
622 3321 728 3384 sancte
754 3336 806 3384 eas
827 3319 954 3401 tamque
976 3318 1098 3401 integre
1120 3336 1214 3399 qnam
1235 3316 1275 3380 ab
1296 3316 1372 3399 ipsis

253 3420 425 3503 aooepimus
440 3420 631 3503 explicantes
645 3422 727 3503 ipsos
742 3421 970 3505 quodammodo
983 3422 1049 3486 suis
1063 3419 1218 3485 institutis
1232 3420 1373 3501 ineorpo·

253 3526 336 3589 ratos
359 3524 392 3587 et
414 3526 494 3606 quod
516 3524 617 3591 maias
640 3525 688 3590 est
712 3524 826 3590 Latino
848 3524 1044 3606 disputantes
1067 3522 1186 3606 eloquio
1208 3522 1296 3587 uobis
1319 3539 1372 3587 ex·

254 3624 361 3691 hibere
388 3626 553 3707 possimus.
590 3627 648 3692 hoo
674 3644 748 3692 sane
777 3626 921 3693 uolumus
951 3628 1026 3692 ante
1048 3626 1152 3691 omnia
1172 3626 1239 3690 tam
1261 3624 1409 3696 barnrnso

255 3924 289 3979 32
314 3838 389 3977 2816
412 3836 448 3893 uf.
470 3836 594 3893 IThess.
617 3839 643 3905 b,
667 3838 699 3892 17
804 3838 837 3893 18
859 3836 893 3892 ef.
911 3836 977 3893 Gen.
999 3838 1041 3904 27,
1064 3839 1098 3893 36
1200 3838 1234 3892 22
1256 3835 1375 3892 ottlen.

307 4116 324 4172 2
351 4117 455 4172 erudire
481 4119 522 4173 D¹
623 4121 640 4175 6
666 4120 761 4190 cymba
785 4120 818 4174 X
917 4122 1071 4192 emorque
1086 4121 1131 4177 D:
1159 4123 1240 4191 atque
1257 4122 1309 4178 Xe

258 4204 290 4259 12
307 4218 412 4257 ramum
430 4204 472 4258 D:
498 4222 589 4261 rursus
608 4206 659 4261 Xe
755 4206 788 4260 13
805 4206 901 4261 abissis
917 4207 948 4263 D
980 4257 984 4262 ,
1038 4208 1072 4262 22
1090 4208 1262 4278 perfeooieuis
1279 4208 1309 4262 D

257 4290 290 4344 23
308 4289 441 4344 obseruari
458 4291 499 4345 D¹
582 4292 727 4349 obteneant
742 4292 785 4348 12¹
814 4293 954 4363 optineant
972 4292 1004 4348 X
1088 4294 1121 4349 25
1140 4294 1262 4350 eamdem
1279 4294 1309 4349 D

257 4374 290 4430 29
308 4377 351 4430 est
367 4378 453 4431 maine
471 4376 534 4434 Xe:
552 4377 589 4445 of.
606 4385 631 4444 9.
650 4382 668 4434 3
