3092 4967
334 458 400 523 386
728 454 895 509 Iohannis
912 453 1071 509 Cassiani

336 646 540 711 fidentissimo
563 646 739 728 patriarcha
761 644 900 711 diuinam
922 644 1056 727 legimus
1079 642 1274 726 dispensasse
1295 642 1443 724 iustitiam,
1511 731 1512 736 ἵ

337 766 407 814 eum
438 749 570 813 dieitur:
613 750 649 812 et
683 748 829 812 laetum
860 750 923 811 est
951 750 1037 829 post
1067 746 1164 811 haee
1194 744 1327 824 uerba,
1363 748 1442 809 tem·

335 852 461 936 ptauit
489 856 582 919 deus
605 852 813 918 Abrabam.
851 869 912 915 non
941 853 1023 916 enim
1057 850 1149 917 illam
1182 851 1276 916 fidem
1308 868 1394 933 quam
1418 853 1442 915 ei
1511 849 1512 934 f

336 956 481 1019 dominus
503 955 684 1038 inspirabat,
716 955 769 1019 sed
793 952 883 1018 illam
906 972 999 1035 qnam
1022 958 1151 1019 noeatns
1174 954 1273 1019 semel
1294 958 1380 1035 atque
1400 953 1441 1016 in-

335 1058 508 1123 luminatus
530 1076 549 1122 a
570 1059 693 1122 domino
715 1076 770 1139 per
791 1056 949 1121 libertatis
972 1056 1139 1122 arbitrium
1161 1058 1285 1138 poterat
1306 1056 1466 1131 exhiberes
1511 1061 1512 1116 1

336 1162 465 1243 experiri
495 1160 598 1225 uoluit
627 1160 736 1225 diuina
765 1159 895 1225 iustitia.
934 1161 1015 1224 unde
1044 1178 1105 1224 non
1129 1159 1276 1224 inmerito
1298 1158 1366 1222 fidei
1386 1159 1442 1222 eins

336 1265 512 1329 oonstantia
534 1264 748 1346 conprobatur,
772 1267 866 1345 atque
893 1262 933 1328 ad
954 1280 1026 1327 eum
1047 1262 1252 1327 subueniente
1276 1263 1373 1345 gratia
1392 1262 1441 1338 dei,

335 1384 414 1449 quae
439 1384 510 1430 eum
532 1365 689 1448 paulisper
709 1365 935 1448 subreliquerat
956 1370 993 1429 nt
1013 1364 1171 1448 probaret,
1195 1366 1241 1431 ita
1262 1365 1385 1430 dieitur:
1404 1383 1443 1427 ne
1511 1373 1512 1450 1

335 1468 488 1535 inieras
518 1487 669 1533 manum
699 1472 809 1534 tuam
840 1469 878 1532 in
909 1488 1081 1551 puerum,
1115 1487 1237 1551 neque
1272 1468 1389 1534 facias
1414 1470 1441 1533 ei
1511 1461 1512 1496 ³

335 1573 561 1655 quiequam:
595 1590 694 1638 unns
727 1574 827 1637 euim
863 1572 944 1637 seio
980 1574 1070 1654 quia
1106 1573 1224 1637 times
1263 1571 1468 1637 dominumo

335 1676 396 1755 tu,
420 1678 458 1741 et
481 1695 554 1741 non
576 1675 802 1759 pepercisti
824 1675 913 1740 filio
944 1680 1011 1740 tuo
1037 1675 1185 1741 dileeto
1207 1680 1366 1760 prepter
1384 1693 1441 1740 me.

304 1779 417 1862 bquod
439 1779 657 1861 temptationis
684 1798 783 1863 genus
807 1779 895 1844 nobis
912 1797 1033 1861 quoque
1049 1779 1088 1844 ad
1103 1777 1297 1861 probationis
1311 1780 1440 1844 meritum

334 1899 425 1963 posse
448 1883 628 1965 eontingere
651 1886 682 1947 in
707 1883 947 1947 Deuteronomio
974 1884 1050 1948 satis
1072 1883 1232 1948 euidenter
1246 1903 1267 1948 a
1281 1884 1442 1965 legislatore
1511 1927 1512 1980 p

334 1986 544 2066 praediuitur:
568 1986 602 2049 si
624 1988 846 2051 surrexerit
872 1986 977 2051 inter
999 2004 1066 2051 uos
1088 1987 1284 2068 propheta
1305 1990 1368 2051 aut
1385 1984 1441 2068 qni
1511 2013 1512 2076 p

335 2089 527 2154 somnium
556 2090 712 2155 uidisse
742 2109 781 2155 se
811 2089 922 2154 dieat
951 2095 989 2155 et
1019 2090 1271 2173 praedixerit
1298 2090 1467 2171 signina

334 2193 452 2273 atque
484 2196 728 2277 portentum,
760 2198 801 2257 et
830 2194 1016 2257 euenerit
1037 2195 1134 2274 quod
1158 2193 1316 2257 loeutus
1337 2196 1391 2257 ast
1410 2193 1442 2255 et
1511 2215 1512 2252 ;

334 2293 486 2359 dixerit
508 2294 603 2360 tibi:
627 2314 759 2361 eamus
783 2296 820 2359 et
841 2296 1064 2361 seruiumus
1095 2295 1173 2361 diis
1195 2297 1341 2361 alienis
1361 2312 1441 2378 qnos
1511 2279 1512 2300 ¹

333 2398 547 2482 ignoratis,
581 2417 630 2463 ne
663 2398 801 2464 audias
834 2401 953 2465 uerba
985 2398 1203 2481 prophetae
1236 2399 1352 2464 illius
1381 2402 1440 2464 aut
1511 2427 1512 2432 1

333 2501 601 2566 somniatoris:
636 2502 724 2584 quia
758 2504 955 2584 temptans
990 2503 1166 2583 temptat
1199 2505 1238 2566 te
1276 2503 1439 2569 dominus

333 2605 425 2669 dens
456 2607 548 2669 tuus
581 2608 709 2669 utrum
740 2605 890 2688 diligas
914 2604 1057 2669 eumin
1081 2607 1165 2669 toto
1187 2606 1308 2670 eorde
1330 2608 1466 2671 tuost»
1511 2629 1512 2642 ¹

302 2706 539 2774 deustodias
568 2709 754 2773 mundata
784 2710 903 2774 illius
936 2727 981 2773 an
1017 2727 1103 2774 uon.
1147 2708 1222 2790 quid
1256 2708 1351 2791 ergo?
1380 2724 1438 2771 auu
1511 2699 1512 2756 ἶ

333 2811 430 2876 istum
460 2812 642 2895 prophetam
673 2813 728 2877 aut
756 2812 974 2877 somniatorem
1006 2830 1132 2894 surgere
1166 2813 1341 2894 permiserit
1366 2815 1438 2887 deus,

331 2916 417 2979 itene
446 2934 506 2995 eos,
538 2935 669 2998 quorum
699 2918 792 2983 tidem
821 2916 952 3000 probare
981 2916 1129 2999 disponit,
1164 2918 1360 2998 protecturus
1383 2929 1438 2978 esse
1511 2913 1512 2998 j

333 3019 505 3083 credendus
529 3021 645 3097 estut
669 3020 791 3085 nullum
815 3023 937 3102 penitus
956 3021 1067 3101 losum,
1092 3037 1151 3104 quo
1167 3023 1231 3084 suis
1246 3020 1365 3085 uiribus
1379 3034 1439 3083 eum
1511 3005 1512 3016 ¹

333 3125 521 3207 temptatore
544 3124 721 3207 confligunt,
744 3125 843 3188 libero
866 3142 972 3189 eorum
994 3125 1132 3189 reseruet
1152 3121 1306 3188 arbitrio?
1326 3125 1357 3187 et
1376 3117 1466 3203 quius

332 3244 382 3291 eos
419 3246 542 3293 neeesse
580 3230 628 3293 est
660 3228 711 3293 uel
744 3227 903 3312 temptari,
940 3245 1017 3310 quos
1049 3228 1094 3291 ita
1125 3227 1267 3291 infirmos
1298 3225 1382 3291 nouit
1409 3239 1440 3287 ao

331 3330 470 3415 fragiles,
493 3334 530 3395 ut
552 3349 746 3414 nequaquam
776 3332 894 3396 uirtute
924 3350 980 3397 sua
1006 3331 1133 3396 ualeant
1154 3332 1298 3395 resistere
1319 3331 1438 3410 tempta·

330 3436 415 3500 tori?
436 3435 491 3501 sed
515 3436 623 3518 ntique
645 3454 700 3501 nee
723 3428 872 3518 temptari
895 3453 945 3500 eos
967 3434 1091 3500 iustitia
1113 3434 1230 3499 domini
1253 3432 1438 3516 permisisset
1511 3433 1512 3524 1

1511 3583 1512 3640 1

1511 3683 1512 3716 1

384 3790 532 3844 liustitia'
548 3791 577 3841 Σ
677 3790 822 3845 210111ι
924 3793 1001 3844 tamt.
1020 3791 1049 3841 Σ
1068 3793 1196 3859 (poesim
1226 3792 1291 3845 deus
1307 3784 1439 3859 temptauit

330 3879 357 3930 Τ
456 3878 549 3945 3qus
570 3875 622 3929 (μ’
706 3876 793 3945 bper
810 3875 917 3930 arbitrii
936 3876 1089 3930 libertatem
1107 3876 1217 3931 M'Ou
1234 3878 1280 3943 (ef.
1298 3892 1355 3946 eup.
1373 3872 1440 3937 18st
1511 3933 1512 3942 ἶ

329 3962 430 4017 liberae
452 3962 603 4015 uoluntatis
626 3962 783 4015 arbitrium:
810 3965 906 4016 uastat
928 3963 1000 4016 euius
1023 3969 1120 4017 asdor
1142 3970 1173 4018 ut
1194 3962 1290 4028 XVII,
1308 3967 1350 4028 31,
1366 3955 1438 4015 1snb
1511 3999 1512 4004 κ

330 4048 570 4116 libertatisgratia
582 4054 607 4102 et
620 4047 707 4113 XXI,
718 4050 763 4111 30,
777 4052 796 4101 3
808 4049 857 4101 sub
870 4051 975 4117 gratiae
987 4048 1124 4114 libertate)
1213 4052 1346 4118 oporteret
1356 4047 1382 4098 Σ
1511 4057 1512 4080 ¹

329 4136 347 4190 6
364 4134 460 4187 merito
478 4134 507 4184 Σ
606 4133 634 4186 11
654 4133 696 4201 tu]
708 4136 792 4186 tuum
812 4134 852 4185 Σε
879 4150 928 4187 osu.
951 4134 975 4188 0
1074 4135 1105 4188 13
1123 4134 1339 4189 deutheronomio
1355 4132 1381 4183 Σ

329 4221 364 4276 14
381 4218 447 4289 prol.
465 4219 525 4271 ΠΟ
613 4218 836 4272 lbsenidisse'i'
860 4227 862 4231 ⁴
886 4246 892 4259 ·
919 4218 1248 4285 didttsef.xl⁷,1‚o
1333 4217 1362 4270 18
1376 4210 1437 4283 prof·
1511 4245 1512 4248 ¹

327 4306 359 4357 H
459 4304 494 4359 22
517 4304 585 4373 prof.
607 4304 666 4356 ΠΟ
767 4305 803 4359 23
822 4304 946 4374 disponet
963 4305 989 4356 Τ
1044 4304 1292 4358 ι14υιιιιιιι11Ι
1373 4298 1438 4352 loeas

326 4392 358 4443 Π
374 4407 447 4447 corr.
549 4391 582 4445 25
600 4392 776 4459 temptatione
793 4391 819 4442 Τ
1139 4385 1143 4393 “
1225 4388 1231 4395 ’

432 3622 582 3689 21161122,
596 3623 609 3676 1
624 3620 717 3689 (Lxx)
805 3622 852 3677 81.
865 3636 886 3675 e.
901 3620 933 3675 12
945 3619 1037 3688 (Lxx)
1126 3621 1159 3675 14
1171 3620 1251 3675 Dant
1266 3620 1306 3686 18,
1320 3616 1382 3674 1-3
