3092 4967
307 444 373 513 674
486 495 490 502 .
697 445 859 499 lobannis
882 444 1038 502 Cassiani

345 635 372 702 1.
395 635 511 715 Quarta
528 637 634 718 atque
663 636 834 702 uicensima
863 638 925 702 ists
957 636 1093 704 conlatio
1123 633 1245 704 abbatis
1268 637 1422 703 Abrabam

305 740 429 807 Christo
452 739 578 805 fauente
594 741 785 822 procuditur,
807 742 947 806 omnium
963 743 1119 806 seniorum
1135 741 1322 808 traditiones
1338 743 1423 823 atque

304 844 421 907 statuta
436 843 640 908 concludens:
657 863 717 926 qua
733 845 848 908 uestris
864 844 1055 909 orationibus
1070 849 1289 910 consummata
1305 845 1424 910 illorum

306 947 421 1030 uiginti
452 948 600 1030 quattuor
623 949 796 1025 ¹seniorum,
824 947 933 1030 quiin
956 950 1065 1013 sancta
1086 949 1277 1032 Apocalypsi
1301 964 1425 1014 coronas

305 1069 377 1116 suas
423 1068 503 1133 agno
547 1051 656 1118 offerre
701 1051 859 1135 dicuutur,
893 1065 1027 1118 'numero
1063 1054 1196 1136 mystice
1240 1053 1443 1134 congruentes

307 1159 490 1220 cunctarum
534 1153 772 1236 promissionum
811 1158 989 1220 nostrarum
1029 1153 1143 1220 debitis
1180 1173 1236 1220 uos
1274 1157 1425 1220 oredimus

307 1256 521 1322 absoluendos.
561 1257 587 1322 si
611 1276 672 1340 qua
686 1258 812 1340 proinde
828 1259 930 1341 gloria
944 1258 977 1322 hi
992 1257 1109 1341 uiginti
1134 1262 1282 1342 quattuor
1297 1259 1425 1326 seniores

307 1360 405 1426 nostri
430 1359 468 1424 ob
491 1360 702 1425 iustitutionis
725 1380 798 1426 suae
821 1361 977 1426 meritum·
992 1360 1111 1427 luerint
1133 1363 1283 1446 coronati,
1307 1363 1358 1428 illi
1379 1361 1427 1443 qui

306 1483 360 1548 pro
383 1464 485 1529 salute
508 1463 616 1528 mundi
639 1463 820 1528 immolatus
837 1467 886 1529 est
912 1483 992 1550 agno
1007 1463 1172 1547 prostratis
1189 1467 1264 1530 sunt
1278 1467 1427 1550 capitibus

307 1569 459 1633 oblaturi:
491 1567 556 1650 ipse
587 1569 672 1632 enim
702 1571 732 1632 st
761 1568 827 1632 illis
856 1571 922 1633 tam
954 1567 1102 1633 eximium
1131 1585 1256 1634 sensum
1289 1573 1323 1633 et
1345 1568 1455 1634 nobiae

306 1672 564 1754 qualemcumque
595 1690 779 1748 sermonem,
809 1690 869 1755 quo
900 1676 989 1736 tanta
1009 1671 1204 1754 profunditas
1226 1674 1426 1756 promeretur,

306 1779 432 1857 propter
453 1776 602 1839 honorem
625 1775 759 1839 nominis
782 1774 831 1839 sui
854 1775 967 1841 donare
993 1775 1222 1859 dignatusest.
1261 1779 1295 1842 et
1311 1793 1427 1841 necasc

306 1881 353 1942 cst
386 1881 422 1942 ut
457 1879 495 1943 ad
519 1881 675 1943 auctorem
711 1881 861 1944 bonorum
896 1881 1035 1946 omnium
1068 1879 1206 1944 muneris
1240 1877 1290 1943 sui
1321 1879 1427 1945 merita

305 1981 488 2058 referantur,
521 1983 570 2046 cui
600 1982 657 2046 hoc
680 1983 746 2064 ipso
771 1983 901 2047 debetur
924 1982 1059 2064 amplius
1082 2000 1141 2064 quc
1164 1983 1265 2065 magis
1288 1983 1426 2047 soluitur.

277 2075 404 2166 2igitur
428 2087 466 2149 ad
491 2084 574 2148 huno
590 2085 748 2150 Abrabam
768 2085 1028 2170 inpugnationem
1054 2083 1282 2170 cogitationum
1310 2085 1454 2154 nasim

306 2207 376 2280 rum
410 2187 502 2253 auria
537 2188 727 2254 confessione
759 2189 936 2267 detulimus,
967 2206 1030 2272 qna
1059 2188 1097 2253 ad
1127 2186 1333 2270 repetendam
1359 2203 1425 2271 pro·

306 2291 441 2357 uinctum
480 2295 616 2356 nostram
653 2293 744 2374 atque
781 2293 820 2357 ad
857 2292 1036 2357 reuisendos
1078 2293 1221 2374 parentes
1267 2290 1426 2357 cotidianis
1518 2294 1519 2383 l

306 2397 431 2460 animae
469 2396 607 2460 aestibus
643 2394 864 2478 urguebamur.
910 2396 982 2458 hinc
1016 2396 1131 2459 etenim
1168 2393 1258 2459 nobis
1297 2394 1427 2459 maxima

307 2499 532 2564 desideriorum
563 2498 748 2563 nascebatur
779 2499 908 2576 occasio,
938 2501 1019 2580 quod
1049 2501 1141 2562 taum
1162 2496 1316 2579 religione
1340 2498 1426 2578 atque

307 2603 425 2685 pietate
468 2605 612 2683 parentes
657 2604 778 2666 nostros
822 2585 978 2683 praeditos
1022 2603 1270 2679 recordabamur,
1309 2603 1347 2666 ut
1380 2615 1455 2664 cosso

307 2724 500 2788 nequaquam
535 2704 729 2789 inpedituros
760 2707 901 2769 nostrum
931 2705 1122 2788 propositum
1150 2721 1424 2786 praesumeremus,

308 2809 364 2871 boc
387 2809 502 2890 iugiter
524 2811 627 2874 mente
651 2809 822 2884 uoluentes,
847 2808 927 2891 quod
950 2807 1121 2889 profectum
1138 2807 1240 2890 magis
1257 2824 1293 2873 ex
1308 2807 1424 2872 illorum

309 2930 445 2974 essemus
468 2910 658 2977 adsiduitate
688 2913 818 2994 capturi,
851 2912 997 2994 nullaque
1016 2920 1075 2976 'nos
1097 2909 1305 2993 corporalium
1327 2925 1423 2973 rernm

308 3013 528 3096 sollicitudine,
564 3015 660 3079 nullis
695 3013 903 3098 prospiciendi
934 3015 1037 3080 uictus
1067 3013 1311 3079 distentionibus
1340 3027 1422 3076 occu·

308 3108 435 3197 pandos,
459 3117 523 3184 illis
546 3117 676 3182 adfatim
701 3134 825 3183 omnam
840 3137 910 3190 cum
927 3118 1041 3202 gaudio
1068 3118 1295 3200 praebitionem
1308 3117 1451 3182 normes

279 3213 297 3275 3
310 3221 505 3286 necessitatis
522 3220 728 3302 explentibus.
752 3223 879 3304 insuper
895 3222 989 3286 etiam
1005 3239 1058 3304 spe
1084 3221 1225 3285 inanium
1248 3220 1422 3303 gaudiorum

408 3425 426 3478 4
444 3425 524 3492 Apoc.
539 3425 565 3510 d,
583 3425 601 3476 4
632 3465 637 3478 .

331 3606 335 3614 '
360 3596 374 3648 1
393 3591 479 3662 adque
496 3595 532 3647 B¹
630 3595 777 3648 uicensima
791 3594 850 3647 ΚΗ
877 3593 1051 3663 nitricesima
1070 3593 1104 3648 Β.
1126 3593 1253 3647 uicesima
1271 3592 1363 3649 FOK‘

307 3680 454 3734 ‘elabente
476 3677 564 3735 3⁸0³.
642 3680 811 3748 praeluditur
827 3681 921 3736 BF¹0
1020 3681 1105 3750 adque
1123 3681 1162 3734 B¹
1265 3678 1423 3734 cinaeus·
1518 3740 1519 3747 ἵ

310 3767 412 3821 O²Ka·
495 3768 588 3835 qusO
616 3763 680 3836 quis
697 3769 738 3822 ΚΙ
836 3767 982 3822 4XXIIII
999 3767 1063 3832 BF,
1080 3766 1243 3832 {temtum
1338 3775 1422 3833 apoc·-
1518 3774 1519 3815 1

308 3853 372 3921 opu
391 3849 458 3905 arn
488 3853 695 3922 aposaupsrno
782 3854 923 3909 enumera
941 3854 982 3907 m
1067 3852 1219 3922 misereo
1311 3850 1421 3906 aanor

309 3938 416 4007 nendos]
436 3938 586 3994 liberandos
605 3939 654 3993 Ko
741 3939 781 3992 bii
798 3939 921 3996 B¹FOK
1003 3955 1078 3993 senes
1098 3939 1171 3994 OKr
1256 3934 1422 4007 9prcstrstis
1518 4000 1519 4011 2

309 4015 367 4078 rr:
399 4026 526 4092 prostrati
544 4025 597 4080 ΒΟ
623 4024 750 4078 subiectis
769 4024 817 4078 Kc
870 4066 873 4070 Δ
921 4025 954 4078 10
972 4025 1042 4078 eninr
1060 4023 1098 4094 et]
1116 4026 1143 4077 et
1160 4025 1231 4078 enim
1249 4024 1289 4077 Βι
1384 4019 1421 4074 illi
1518 4048 1519 4087 r

309 4111 402 4164 stetim
421 4111 463 4164 K¹
551 4111 583 4166 13
596 4109 724 4164 bonorum
737 4126 845 4178 operum
857 4110 975 4164 omnium
991 4110 1054 4165 OK¹
1141 4112 1176 4164 14
1192 4107 1420 4164 eui....soluitn
1518 4100 1519 4145 f

309 4229 359 4267 om.
377 4213 435 4268 BF
519 4213 578 4284 quo]
599 4201 694 4283 qu'aO
780 4215 812 4269 16
831 4215 893 4283 qua]
911 4215 975 4283 qnia
995 4213 1068 4270 OKu
1152 4212 1317 4281 pronintism
1334 4211 1362 4266 B
1518 4272 1519 4287 1

312 4297 342 4352 Π
361 4299 446 4368 adque
465 4299 502 4353 Βι
590 4299 734 4368 quotidO
760 4301 853 4354 cottid.
871 4299 903 4353 K
987 4301 1019 4354 19
1036 4297 1264 4368 relegioneB¹K¹
1345 4295 1419 4364 mque
1518 4332 1519 4345 ,

311 4383 336 4437 B
429 4385 575 4439 20eis‘Ko
666 4385 699 4439 21
712 4385 877 4454 inpedituros
888 4399 939 4441 orn.
951 4386 1000 4439 Kc
1085 4397 1302 4454 praeponeremus
1313 4382 1360 4474 Kc
1518 4396 1519 4403 ¹
