3092 4967
679 458 838 515 Conlatio
859 458 881 521 1,
899 458 976 511 4-5.
1347 458 1384 521 11

260 649 416 732 corrigere
438 649 490 713 nel
512 666 658 714 reuocare
681 648 811 713 debeant
834 648 950 711 lineam
966 646 1149 729 disciplinae
1166 646 1272 711 docere
1287 648 1387 727 potest

258 752 408 836 passinus
435 752 574 819 obtutus.
611 752 658 816 ita
686 752 782 834 igitur
804 757 836 815 et
866 750 965 815 nostri
992 749 1141 832 propositi
1167 750 1238 813 finis
1260 748 1417 830 quidem2

258 856 431 921 secundum
453 857 626 937 apostolum
641 856 710 920 uita
732 858 858 920 aeterna
881 858 938 932 eet,
965 854 1012 919 ita
1030 854 1138 919 eodem
1154 853 1385 935 pronuntiante:

259 957 460 1022 habentes
483 957 639 1039 quidem
661 960 833 1023 fructum
856 956 1091 1021 uestrumin
1111 953 1385 1020 sanctificati·

234 1079 379 1145 eonem,
413 1062 535 1126 finem
566 1080 654 1127 uero
688 1061 811 1127 uitam
844 1065 1060 1136 aeternam,
1095 1077 1202 1141 scopos
1234 1076 1307 1122 uero
1338 1062 1385 1123 est

258 1162 382 1245 puritas
406 1165 516 1248 cordis,
532 1184 625 1247 quam
648 1164 927 1229 sanctificationem
943 1181 1004 1229 non
1019 1162 1165 1228 inmerito
1181 1162 1383 1243 nuncupauit,

258 1266 326 1329 sine
349 1284 411 1348 qua
432 1269 607 1348 praedictus
630 1266 702 1332 finis
725 1286 786 1332 non
801 1267 915 1349 poterit
948 1265 1147 1347 adprehendi,
1178 1266 1242 1329 acsi
1257 1264 1385 1330 dixisset

258 1367 331 1432 aliis
356 1368 475 1433 uerbis:
506 1370 654 1435 habentes
678 1368 801 1451 quidem
824 1386 935 1452 scopon
959 1371 1097 1433 uestrum
1119 1369 1151 1431 in
1174 1368 1276 1431 cordis
1298 1365 1384 1449 puri·

259 1474 335 1546 tate,
360 1472 454 1537 finem
476 1492 548 1538 nero
571 1476 668 1538 uitam
693 1478 860 1539 aeternam.
898 1475 936 1538 de
959 1492 1019 1554 qua
1041 1471 1248 1535 destinatione
1271 1470 1384 1534 docens

222 1593 314 1645 renos
336 1576 421 1640 idem
444 1575 555 1640 beatus
579 1576 735 1658 apostolus
762 1576 866 1658 ipsum
889 1594 1010 1653 nomen,
1033 1574 1065 1638 id
1082 1578 1129 1638 est
1145 1590 1269 1655 scopon,
1285 1571 1384 1652 signi·

259 1677 390 1743 ficanter
413 1681 564 1761 expressit
585 1680 632 1745 ita
655 1680 775 1744 dicens:
799 1698 896 1762 qnae
916 1679 1143 1763 posteriora
1165 1680 1260 1741 sunt
1282 1674 1385 1740 obli·

259 1780 432 1859 uiscens,
466 1783 511 1847 ad
543 1800 583 1846 ea
615 1800 710 1847 uero
739 1801 835 1864 quae
863 1783 902 1847 in
931 1786 1022 1847 ante
1050 1786 1144 1846 suut
1173 1779 1385 1844 extendens

259 1902 326 1967 me,
350 1886 393 1949 ad
417 1886 908 1968 destinatnmpersequor,
931 1885 1382 1965 adbrauiumsupernae

257 1988 486 2052 necationis
520 1988 675 2053 domini.
713 1990 795 2071 quod
828 1988 1005 2054 euidentius
1038 1988 1071 2053 in
1104 1986 1219 2053 Graeco
1256 1985 1413 2067 ponitur3

221 2083 341 2163 ,rme
365 2083 492 2155 σκοπὸν
512 2082 630 2170 διώκω,
653 2091 749 2157 idest
767 2095 935 2156 secondum
951 2091 1194 2156 destinationem
1209 2106 1383 2173 persequor,

257 2200 420 2276 tamquam
444 2194 471 2258 si
493 2193 636 2259 dixisset:
661 2195 718 2259 bac
739 2196 944 2261 destinatione
967 2213 1029 2277 qua
1050 2195 1109 2260 illa
1123 2213 1200 2277 qnae
1214 2192 1384 2275 posteriora

258 2301 332 2361 sunt
355 2295 533 2379 oblinisoor,
556 2298 589 2362 id
612 2299 660 2362 est
682 2298 845 2362 anterioris
860 2298 994 2362 hominis
1011 2298 1100 2379 uitia,
1116 2300 1154 2363 ad
1170 2297 1266 2361 finem
1281 2296 1382 2360 brauii

258 2396 402 2463 caelestis
419 2398 581 2478 peruenire
596 2396 754 2463 contendo.
782 2398 933 2479 quidquid
948 2415 1020 2481 ergo
1035 2416 1091 2462 nos
1106 2398 1147 2463 ad
1161 2399 1245 2463 hunc
1258 2415 1381 2481 scopon,

258 2500 290 2564 id
313 2504 362 2564 est
384 2500 555 2580 puritatem
577 2500 675 2564 cordis
698 2501 801 2582 potest
816 2500 959 2583 dirigere,
982 2503 1050 2566 tota
1065 2500 1182 2565 uirtute
1198 2502 1380 2566 sectandum

220 2608 315 2679 aocet,
338 2603 488 2685 quidquid
512 2604 617 2667 autem
639 2602 678 2668 ab
701 2602 758 2668 hac
774 2604 914 2679 retrahit,
931 2606 967 2667 ut
981 2603 1190 2687 perniciosum
1204 2624 1241 2669 ac
1255 2607 1382 2671 noxium

259 2705 470 2771 deuitandnm.
509 2724 564 2788 pro
587 2706 645 2771 hac
667 2706 752 2771 enim
774 2708 920 2772 uniuersa
940 2707 1063 2788 agimus
1086 2712 1180 2789 atque
1201 2710 1380 2787 toleramus,

258 2826 311 2889 pro
342 2808 402 2873 bac
429 2812 585 2889 parentes,
615 2810 727 2891 patria,
757 2811 936 2891 dignitates,
959 2810 1096 2889 diuitiae,
1120 2811 1250 2876 deliciae
1271 2812 1381 2877 mundi

257 2912 349 2978 huius
385 2916 417 2975 et
445 2912 591 2995 uoluptas
620 2912 766 2978 uniuersa
794 2914 1014 2996 contemnitur,
1044 2916 1081 2978 nt
1113 2915 1234 2979 scilicet
1262 2915 1381 2996 puritas

258 3014 359 3079 cordis
380 3019 532 3097 perpetua
553 3016 736 3081 retentetur.
771 3016 831 3081 bac
852 3017 959 3098 itaque
982 3018 1069 3082 nobis
1085 3018 1293 3082 destinatione
1308 3017 1410 3100 pro-4

223 3117 360 3199 reposita
381 3136 502 3200 semper
528 3120 617 3183 actus
640 3120 737 3183 nostri
760 3122 791 3183 et
813 3118 1016 3203 cogitationes
1038 3122 1078 3185 ad
1094 3139 1162 3186 eam
1178 3120 1380 3186 obtinendam

257 3220 430 3285 rectissime
467 3220 649 3303 dirigentur.
694 3238 772 3302 quae
809 3222 837 3285 si
869 3240 944 3305 prae
976 3224 1073 3289 oculis
1110 3224 1227 3289 nostris
1264 3224 1380 3309 ingiter

258 3327 379 3389 statuta
401 3340 462 3388 non
483 3323 587 3406 fuerit,
614 3340 675 3388 non
698 3323 799 3389 solum
829 3331 956 3391 cunctos
979 3326 1097 3392 labores
1119 3332 1242 3394 nostroe
1264 3346 1379 3395 uacuos

256 3426 373 3509 pariter
401 3427 494 3507 atquc
523 3426 685 3492 instabiles
713 3429 845 3493 reddens
872 3430 905 3493 in
935 3446 1056 3495 caesum
1085 3448 1137 3497 eos
1164 3450 1201 3498 ao
1222 3432 1291 3498 sine
1312 3433 1378 3506 ullo

356 3636 375 3690 4
392 3636 469 3691 Rom.
488 3638 512 3702 6,
531 3638 565 3692 22
669 3640 701 3692 11
719 3638 792 3694 Phil.
808 3640 834 3705 3,
852 3639 955 3695 13-14

305 3834 323 3886 4
341 3834 582 3891 sanctificationem
600 3836 650 3903 (ele
667 3836 810 3906 ἁγιασμόν)
828 3837 891 3893 Dc:
921 3838 1134 3895 sanctificatione
1150 3841 1181 3894 X
1265 3841 1282 3895 6
1299 3857 1378 3911 qnam

256 3917 285 3971 D
389 3921 515 3990 ocupauit
536 3922 567 3977 D
668 3924 685 3978 9
713 3922 887 3979 distinetione
909 3923 950 3978 Χ1
1052 3926 1131 3979 12111
1150 3928 1223 3997 ante]
1241 3928 1271 3981 in
1288 3928 1379 3996 priora

257 4002 299 4056 X:
327 4004 363 4069 cf.
380 4004 429 4069 VI,
442 4010 513 4073 14,1
605 4008 638 4061 13
655 4007 777 4063 bronium
790 4024 900 4063 coronae
911 4010 1127 4080 inexpugnabilis
1139 4010 1263 4066 bronium
1280 4012 1311 4069 D

257 4088 290 4143 14
306 4106 385 4159 greco
402 4090 466 4146 DX
551 4094 584 4147 16
601 4094 777 4149 distinetione
794 4094 825 4149 X
893 4096 926 4150 18
939 4097 1195 4166 quioquidDXbie
1262 4100 1379 4154 21tcla

255 4188 344 4231 ramus
361 4181 390 4231 et
406 4178 512 4247 eginum
529 4178 581 4233 Xo
667 4180 701 4233 22
719 4179 825 4235 diliciae
841 4180 883 4239 1)ι
969 4182 1004 4237 24
1021 4186 1169 4239 retentetur
1186 4199 1214 4237 r:
1244 4188 1379 4239 rotenetur

255 4260 294 4312 Ι)ι
328 4262 476 4317 retineatur
492 4262 553 4317 D²c
638 4263 815 4321 distinetione
831 4265 910 4320 DX*
996 4267 1030 4322 26
1047 4268 1209 4339 dirigentur]
1227 4270 1380 4339 bicincipit

261 4380 297 4435 W
394 4382 428 4436 27
446 4356 592 4441 uef'eauo
622 4388 710 4441 uarios
728 4388 759 4442 X
859 4389 997 4459 dssadqne
1019 4391 1052 4447 W
