3092 4967
311 412 373 477 602
563 478 567 487 ⁸
701 374 867 463 iohannis
885 405 1045 462 Cassiani

308 600 452 665 similiter
475 598 650 675 debeamus,
673 596 734 663 nisi
756 600 812 661 ant
833 596 955 660 nosmet
976 594 1069 676 ipsos,
1092 592 1124 659 id
1148 597 1195 659 est
1218 596 1419 678 occupationes

309 705 430 768 nostres
459 706 490 767 et
519 702 660 767 adfectus
689 718 839 781 curasque
869 698 1028 772 mortales,
1058 698 1126 763 siue
1148 697 1263 779 quibus
1284 716 1422 765 smenon

308 824 482 888 possumus,
512 807 567 870 eut
596 804 810 887 suggestiones
838 802 1062 869 subtilissimas
1091 801 1221 879 inimici,
1246 820 1322 883 quas
1342 802 1420 868 uobis

309 910 409 975 adhuc
432 906 664 991 quiescentibus
680 925 716 971 ac
731 924 839 990 sopore
861 905 1010 972 demersis
1025 923 1080 988 per
1095 905 1280 988 phantasias
1294 906 1423 972 inanium

189 1060 193 1071 .
309 1014 499 1077 somniorum
514 1013 630 1076 inferre
645 1012 784 1090 conatur,
800 1010 912 1091 quibus
928 1027 984 1073 nos
998 1026 1069 1074 mor
1084 1008 1290 1091 suigilnturoe
1304 1016 1424 1091 occupet
1440 1032 1451 1071 a

309 1120 340 1181 et
362 1117 513 1193 inuoluat,
537 1118 571 1179 ut
594 1113 807 1196 primitiarum
828 1117 1007 1178 nostrarum
1023 1112 1128 1202 opima
1143 1112 1299 1177 deflorans
1313 1113 1421 1195 primus

278 1220 379 1301 bipes
416 1220 568 1301 decerpat.
615 1216 817 1305 quamobrem
848 1214 934 1281 omni
967 1214 1055 1280 nobis
1088 1216 1231 1281 centiens
1264 1218 1424 1281 curandum

310 1325 368 1399 eet,
392 1322 420 1387 si
442 1322 548 1386 temen
571 1322 636 1386 uim
660 1318 812 1402 praedicti
826 1318 974 1383 uersiculi
989 1336 1080 1401 opere
1094 1318 1240 1384 nolumus
1254 1318 1421 1403 adimplere

308 1427 344 1489 nt
360 1425 406 1489 ita
420 1425 537 1506 primos
552 1424 779 1489 matutinarum
795 1423 1020 1504 cogitationum
1040 1423 1128 1487 ortus
1142 1422 1254 1487 sollers
1269 1422 1425 1507 uigilantia

308 1528 442 1604 tueatur,
467 1547 505 1591 ne
525 1528 602 1617 qnid
625 1546 661 1592 er
683 1528 727 1592 eis
754 1526 871 1591 festina
892 1526 1103 1609 praesumptio
1118 1525 1249 1591 liuentis
1262 1527 1451 1592 adtaminets

308 1631 430 1695 inimici
459 1620 640 1712 nostraeque
671 1630 827 1711 primitias
856 1618 1018 1711 tamquam
1045 1630 1124 1695 niles
1146 1631 1211 1695 iam
1234 1632 1326 1712 atque
1345 1649 1424 1695 com·

308 1754 421 1800 munes
444 1754 462 1799 a
485 1734 608 1799 domino
638 1732 732 1799 faciat
762 1731 933 1815 reprobari.
968 1733 1023 1815 qni
1049 1733 1076 1798 si
1098 1737 1287 1816 praeuentus
1307 1754 1326 1798 a
1344 1734 1424 1799 nobis

307 1838 454 1921 peruigili
490 1837 605 1903 mentis
643 1836 922 1917 circumspectione
956 1855 1015 1901 non
1054 1836 1161 1920 fuerit,
1201 1836 1423 1920 anticipationis

307 1940 516 2022 nequissimae
538 1939 792 2005 consuetudinem
813 1958 874 2004 non
897 1941 1053 2020 deponens
1069 1940 1182 2005 cotidie
1197 1958 1255 2005 nos
1269 1941 1422 2010 fraudibus
1514 1975 1515 1978 =

277 2044 372 2111 esuis
396 2043 577 2126 praeuenire
601 2061 661 2107 non
684 2043 814 2107 desinet.
853 2048 885 2106 et
908 2043 1022 2109 idcirco
1037 2043 1065 2108 si
1086 2043 1220 2125 placitas
1243 2046 1275 2109 et
1289 2046 1462 2127 accepta-ir·

307 2146 385 2212 biles
407 2146 463 2213 deo
486 2147 642 2228 primitias
666 2166 702 2211 er
716 2146 870 2211 fructibus
885 2146 999 2211 mentis
1014 2149 1138 2212 nostrae
1154 2149 1299 2229 optamus
1315 2148 1421 2230 offere,

307 2267 367 2314 non
394 2249 580 2316 mediocrem
611 2249 855 2316 sollicitudinem
886 2249 1033 2316 debemus
1064 2251 1245 2333 inpendere,
1270 2256 1305 2316 ut
1326 2269 1420 2316 omnes

191 2434 198 2445 ι
308 2353 407 2417 nostri
440 2355 573 2437 corporis
607 2372 715 2419 sensus
754 2353 920 2419 matutinis
953 2353 1118 2436 praecipue
1157 2354 1241 2419 horis
1272 2358 1420 2437 tamqnam
1514 2339 1515 2410 ἶ

310 2460 504 2523 sacrosancta
519 2457 635 2523 domini
650 2456 830 2523 holocausta
844 2457 878 2522 in
892 2458 1035 2524 omuibus
1049 2458 1181 2523 inlibata
1198 2460 1292 2540 atquc
1314 2458 1421 2523 intacta
1514 2503 1515 2516 ,

307 2578 477 2625 seruemus.
516 2563 596 2645 qnod
630 2562 802 2626 deuotionis
835 2579 933 2644 genus
966 2560 1063 2625 multi
1095 2560 1193 2625 etiam
1226 2561 1446 2627 saecularinme

305 2680 428 2727 summa
465 2663 608 2728 cantione
644 2664 834 2742 custodiunt,
872 2664 927 2746 qui
963 2667 1036 2729 ante
1072 2663 1194 2729 lucem·
1209 2665 1263 2728 nel
1294 2663 1419 2729 diluculo
1514 2695 1515 2702 κ

307 2768 526 2848 consurgentes
561 2784 757 2849 nequaquam
792 2767 1003 2833 familiaribus
1036 2784 1073 2833 ao
1108 2767 1290 2834 necessariis
1323 2766 1419 2833 mundi
1514 2827 1515 2830 ,

305 2868 537 2939 huiusactibua
551 2872 753 2952 inplicantur,
769 2874 953 2955 priusquam
969 2875 1151 2937 cunctorum
1165 2876 1293 2938 actuum
1306 2889 1419 2937 snorum

305 2972 580 3055 operationumque
613 2974 769 3057 primitias
801 2975 842 3040 ad
876 2972 1039 3041 ecclesiam
1077 2978 1293 3041 concurrentes
1327 2974 1419 3040 diuino

305 3075 453 3141 studeant
475 3094 595 3142 sacrare
618 3079 806 3160 conspectui.
1423 3098 1442 3138 s
1514 3151 1515 3162 ἶ

346 3195 479 3262 XXVII.
508 3196 602 3262 Porro
638 3197 719 3280 quod
748 3196 854 3263 dicitis
882 3199 1004 3264 diuerso
1034 3216 1130 3277 more,
1158 3197 1268 3264 idest
1296 3218 1348 3263 sex
1374 3195 1416 3261 nel

304 3305 423 3382 septem
446 3301 667 3367 ebdomadibus
687 3320 741 3385 per
755 3302 920 3367 nonnullas
937 3303 1115 3385 prouincias
1131 3300 1416 3387 Quadrageneimem

305 3403 462 3481 celebrari,
480 3423 541 3470 nna
556 3406 637 3470 ratio
649 3404 794 3489 idemque
808 3405 992 3471 ieiuniorum
1005 3407 1115 3471 modus
1138 3406 1265 3471 diuersa
1287 3404 1417 3469 ebdoma·
1514 3455 1515 3478 ἒ

306 3506 415 3571 darum
439 3507 653 3572 obseruatione
676 3508 882 3605 concluditur.
924 3508 957 3573 hi
986 3510 1069 3573 enim
1101 3526 1154 3573 ser
1187 3508 1415 3575 ebdomadarum

354 3745 517 3801 2adsectus
543 3747 587 3801 Kc
622 3746 667 3800 aff.
692 3748 752 3802 rell.
876 3748 1053 3803 tfantasias
1079 3747 1157 3802 codd.
1280 3746 1415 3801 inanimum
1514 3749 1515 3782 ῑ

302 3830 343 3885 K¹
444 3833 461 3885 b
487 3832 594 3901 quibus]
623 3834 669 3901 qni
695 3834 753 3887 BF
861 3834 879 3887 6
907 3835 945 3903 nt]
975 3837 1002 3887 et
1026 3834 1086 3888 BF
1190 3834 1206 3886 1
1229 3824 1414 3887 canendnt

302 3916 333 3971 F
432 3918 448 3969 9
475 3916 557 3972 solers
583 3918 625 3973 11¹
727 3920 759 3973 10
785 3920 896 3974 libentis
922 3920 1016 3975 BOK¹
1122 3920 1152 3973 11
1180 3920 1268 3988 adque
1292 3916 1357 3972 ΠΨ
1514 3935 1515 3940 “

302 4002 336 4057 13
363 4002 628 4071 circuminspectione
657 4005 680 4061 O
709 4006 972 4075 circumspectatione
999 4006 1066 4059 ΚΖ*
1177 4007 1211 4060 14
1238 4002 1413 4073 nequissimam

301 4087 319 4156 β
421 4087 531 4143 cottidie
556 4090 574 4159 β
685 4093 719 4147 15
745 4093 847 4146 desinit
877 4093 901 4147 0
1011 4092 1144 4160 adceptab.
1173 4092 1211 4145 F¹
1323 4088 1352 4142 19
1375 4082 1411 4136 dei
1514 4113 1515 4170 5

180 4219 184 4229 .
302 4172 360 4227 BF
467 4174 553 4243 adque
578 4176 619 4229 Κι
740 4178 773 4231 21
800 4177 923 4231 delnculo
948 4177 1018 4231 K¹Z
1136 4178 1170 4231 24
1197 4173 1355 4231 ccclesiaB

301 4257 531 4399 {JFZinKoZmatfi
634 4263 854 4332 quadragesimae
876 4264 915 4317 Β1
946 4263 1149 4332 quadragesima
1172 4262 1229 4317 FO
1327 4258 1358 4311 ‘29
1377 4252 1411 4306 hii
1514 4229 1515 4280 3

442 4351 450 4377 ¹
1514 4371 1515 4384 r
