3092 4967
287 454 352 518 460
402 422 407 435 x
675 453 842 508 Iohannis
865 452 1024 510 Cassiani

287 641 530 708 amaritudinem
559 642 770 724 praesentium
802 659 865 707 non
894 641 1009 708 sentiet
1039 642 1213 726 iurgiorum
1244 643 1349 708 etita
1375 661 1409 707 ea

287 744 487 826 potissimum
509 745 717 829 respondebit,
739 763 756 808 e
779 743 892 826 quibus
921 745 973 811 nel
996 763 1016 809 a
1037 750 1137 812 semet
1162 745 1229 829 ipso
1251 763 1324 810 reus
1345 745 1409 810 lieri

289 849 340 912 uel
369 849 408 913 ab
437 849 499 915 alio
530 850 711 932 reprehendi
738 848 888 914 restituta
921 847 1052 916 adun
1080 865 1143 913 non
1172 849 1281 931 possit,
1310 850 1409 931 sicque

289 950 433 1034 implebit
447 952 665 1035 propheticum
680 951 761 1016 illud
776 950 949 1034 eloquium:
974 949 1013 1016 in
1035 951 1093 1016 ire
1116 951 1410 1016 misericordiae

287 1072 428 1118 memor
455 1057 545 1120 eris.
1429 1077 1441 1116 s

329 1157 459 1222 XXVII.
483 1155 638 1222 cohibere
660 1173 733 1240 ergo
755 1175 810 1222 nos
832 1157 954 1239 oportet
984 1174 1090 1221 omnes
1111 1155 1289 1222 iracundiae
1311 1159 1410 1222 motus

288 1262 321 1325 et
342 1260 561 1344 gubernatrice
584 1261 771 1326 discretione
794 1259 959 1336 moderari,
983 1279 1022 1324 ne
1045 1262 1078 1324 in
1099 1259 1179 1326 illud
1195 1262 1277 1344 quod
1293 1281 1312 1324 a
1327 1260 1410 1327 Salo-

287 1381 376 1428 mone
412 1365 577 1430 damnatur
610 1362 777 1446 praecipiti
814 1363 918 1427 lurore
951 1366 1124 1445 raptemure
1159 1367 1285 1428 totam
1319 1364 1411 1428 iram

287 1485 391 1532 suam
413 1467 569 1551 profert
588 1468 741 1550 inpius,
772 1467 933 1549 sapiens
957 1470 1088 1531 antem
1118 1466 1329 1550 dispensat
1351 1486 1411 1550 per

286 1575 433 1654 partes,
456 1573 488 1637 id
511 1576 573 1637 est:
597 1571 714 1636 stultus
746 1568 875 1651 quidem
898 1568 936 1633 ad
958 1569 1110 1634 ultionem
1133 1569 1183 1634 sni
1205 1570 1270 1636 irae
1292 1573 1441 1654 perior-u

287 1676 411 1740 batione
440 1675 650 1752 succenditur,
680 1673 802 1757 sapiens
831 1675 936 1738 autem
964 1673 1118 1756 paulatim
1141 1692 1209 1738 eam
1232 1675 1412 1738 maturitate

257 1777 413 1846 2mnsilii
436 1797 472 1843 ac
495 1777 719 1842 moderationis
741 1779 942 1842 extenuabat
965 1779 1102 1861 expellit.
1142 1781 1205 1846 tale
1228 1782 1275 1844 eat
1290 1780 1323 1844 et
1336 1777 1411 1843 illud

289 1881 371 1965 quod
386 1883 425 1946 ab
441 1880 578 1963 apostolo
593 1882 724 1945 dicitur:
741 1898 813 1946 non
837 1882 1118 1962 nosmetipsos
1141 1883 1410 1959 uindicantes,

289 1985 502 2063 carissimi,
532 1982 597 2048 sed
625 1984 714 2048 date
741 1982 869 2049 locum
892 1983 992 2064 irae,
1015 1984 1132 2049 idest:
1156 2002 1353 2068 nequaquam
1374 1983 1409 2047 ad

289 2087 461 2153 uindictam
492 2087 656 2152 iracundia
687 2089 817 2170 cogente
849 2089 994 2163 tendatis,
1024 2088 1078 2152 sed
1106 2089 1179 2152 date
1207 2089 1312 2152 locum
1341 2086 1441 2160 iraen

287 2191 345 2256 hoc
373 2193 437 2255 estc
467 2209 529 2256 non
559 2189 623 2254 sint
653 2190 746 2254 corda
767 2192 873 2254 uestra
894 2190 939 2254 sic
961 2190 1167 2272 inpatientiae
1189 2209 1225 2254 ao
1248 2188 1410 2272 pusillani-

287 2295 411 2359 mitatis
433 2292 589 2376 angustiis
605 2292 755 2371 coartata,
770 2298 807 2356 ut
823 2292 996 2358 uiolentam
1013 2293 1217 2359 conmotionis
1234 2291 1409 2375 procellam,

288 2417 358 2463 oum
381 2398 523 2476 inruerit,
546 2395 700 2461 sustinere
722 2414 784 2460 non
806 2397 939 2478 possint,
957 2399 1010 2461 sed
1026 2397 1201 2461 dilatamini
1218 2396 1253 2460 in
1268 2396 1409 2461 cordibus

287 2503 409 2578 nestris,
440 2499 646 2582 suscipientes
676 2498 822 2563 aduersos
852 2497 1032 2564 iracundiae
1061 2499 1176 2565 flnctus
1205 2500 1241 2563 in
1270 2499 1336 2564 illis
1361 2517 1410 2563 ex-

289 2604 384 2669 tentis
399 2601 519 2668 sinibus
537 2599 688 2682 caritatis,
711 2619 789 2684 quae
812 2601 941 2666 omnia
962 2602 1124 2681 suffert,
1148 2602 1278 2670 omnia
1298 2602 1440 2668 susti-so

288 2711 369 2772 net:
386 2710 418 2771 et
432 2707 479 2770 ita
489 2722 577 2771 mens
593 2705 698 2768 ucstm
711 2704 919 2786 amplitudine
936 2705 1186 2788 longanimitatis
1198 2724 1235 2771 ac
1246 2705 1410 2789 patientiae

289 2809 420 2875 dilatata
441 2807 561 2873 babeat
578 2807 611 2871 in
634 2826 667 2871 se
690 2806 890 2872 consiliorum
914 2799 1066 2873 salutares
1088 2806 1239 2885 recessus,
1254 2811 1288 2872 in
1303 2808 1409 2890 quibus

288 2912 430 2995 receptus
455 2899 688 2999 'quodammodo
719 2911 828 2991 atque·
844 2909 976 2976 diffusus
1007 2912 1207 2976 taeterrimus
1238 2909 1409 2976 iracundiae

258 3015 392 3080 blumus
421 3012 564 3104 protinus
583 2996 777 3079 euanescats
811 3016 865 3079 uel
892 3019 976 3080 certe
1005 3002 1058 3080 ita=
1082 3015 1327 3098 intellegendum
1350 3019 1408 3079 est:

288 3118 397 3183 damus
419 3118 523 3182 looum
545 3118 620 3194 irae,
644 3110 790 3199 quotiens
818 3119 1009 3184 conmotioni
1031 3118 1162 3183 alterius
1186 3117 1298 3183 humili
1320 3121 1437 3199 atquen

288 3220 458 3302 tranquilla
490 3221 596 3285 mente
629 3219 866 3285 subcumbimus
897 3222 929 3284 et
958 3221 1187 3304 quodammodo
1221 3219 1329 3304 dignos
1359 3237 1409 3283 nos

288 3323 430 3406 qualibet
451 3323 567 3388 iniuria
589 3322 770 3405 profitentes
794 3324 998 3406 inpatientiae
1020 3323 1188 3390 saerdentis
1203 3323 1408 3406 obsequimur.

288 3426 428 3490 ceterum
449 3425 483 3490 hi
505 3427 627 3508 quiite
647 3445 772 3491 sensum
803 3426 996 3508 apostolicae
1024 3424 1224 3509 perfectionis
1249 3424 1407 3500 inclinant,

287 3695 354 3750 201
372 3607 662 3751 cimbatum)
736 3610 899 3677 8Prcr.29‚
913 3611 943 3665 11
959 3609 1054 3681 (LXX)
1124 3609 1345 3677 1alaom.1a.1e

409 3713 431 3750 r.
450 3697 526 3763 lat

338 3867 454 3922 tecm.
473 3867 527 3920 ΤΟ
617 3867 832 3937 4ιοιιριιιιιο
922 3871 1036 3938 praru
1130 3871 1193 3925 lin
1211 3887 1261 3926 oue
1278 3869 1347 3923 wa*

287 3953 312 4022 a]
331 3951 359 4006 in
377 3955 403 4005 Y
486 3953 622 4007 salamone
639 3954 732 4008 ΣΠΟ
818 3954 1064 4024 8dsmpnaturll¹
1150 3955 1344 4026 bproleretO

286 4038 387 4107 impius
398 4039 429 4090 Π
442 4038 573 4106 insipiens
585 4039 639 4092 ΤΟ
719 4039 799 4094 10ad
811 4040 952 4112 ultionem]
965 4041 1146 4096 adulationem
1159 4043 1188 4093 Σ
1267 4043 1298 4096 15
1308 4041 1407 4094 ιιιιιιι-

288 4123 561 4192 diaecogitationel‘
650 4126 683 4180 16
693 4125 945 4195 ριιιιιιιιιιιιιιιιιιι
957 4127 978 4195 (ι
991 4142 1061 4182 erac.
1070 4126 1095 4196 ‘ll
1107 4127 1148 4180 ΠΙ
1236 4128 1270 4182 18
1281 4123 1407 4182 unane

288 4209 316 4259 Σ
394 4209 426 4263 19
437 4209 536 4262 nubis
548 4213 637 4264 om
708 4212 919 4280 semiplentiat
987 4213 1114 4268 muamus
1126 4213 1237 4266 ΣΤὋι
1310 4211 1341 4264 al
1355 4223 1406 4262 arn·

287 4293 449 4363 plitudinem
461 4294 684 4364 longanimitates
695 4297 735 4349 Π·
820 4296 854 4351 22
866 4296 953 4354 dilata
965 4300 1005 4351 Πι
1084 4299 1208 4354 babstll
1285 4298 1406 4352 ldteter·

288 4380 371 4434 rimus
383 4379 461 4434 codd.
555 4381 781 4438 alemanam
873 4384 906 4438 27
919 4386 1118 4440 rreeeuientesll¹
1144 4385 1275 4441 saeuienti
1287 4383 1343 4436 0⁸0
