3092 4967
498 423 659 481 Conlatio
680 426 744 493 llll,
762 429 839 483 8-9.
1164 433 1228 498 349

102 614 291 695 probatione
314 614 466 679 fulcitur?
490 615 520 678 et
541 614 608 680 ideo
631 617 769 697 quisquis
787 616 825 681 ad
841 616 931 682 illum
947 617 1094 700 puritatis
1108 620 1261 685 autumo

100 718 164 801 iugi
201 719 306 783 sordis
338 718 511 783 intentione
544 720 731 800 peruenerit,
765 723 802 784 ut
835 720 898 785 iam
932 724 1036 787 mente
1064 720 1102 785 ab
1133 722 1227 787 buius

100 822 257 903 passionis
286 819 468 885 titillatione
499 821 622 904 penitus
652 821 794 887 absoluta
822 841 877 905 per
905 840 1046 905 soporem
1069 841 1139 890 oaro
1161 826 1230 889 eius

99 924 188 990 uelut
225 923 465 989 redundantiam
499 923 648 1005 superflui
682 928 799 992 umoris
836 927 979 1010 expellat,
1017 928 1227 995 eondioionom

80 1028 296 1109 sinodumque
328 1030 456 1092 naturae
490 1027 659 1093 pertissima
693 1027 906 1111 deprehendet,
942 1032 974 1093 ot
1002 1029 1049 1095 ita
1077 1048 1147 1095 enm
1174 1049 1227 1095 ex·

99 1131 303 1213 pergsfaetua
335 1130 494 1195 inuenerit
526 1148 650 1195 earnem
683 1148 771 1197 suam
801 1136 873 1214 post
900 1132 995 1218 longa
1024 1135 1165 1216 tempora
1193 1152 1231 1198 se

98 1235 197 1300 insoio
235 1236 330 1316 atque
360 1234 525 1316 ignorante
557 1234 721 1316 pollutam,
758 1240 827 1300 tum
861 1236 986 1301 demum
1019 1236 1058 1301 do
1090 1237 1227 1302 naturali

98 1337 289 1401 necessitate
318 1341 470 1419 oausetur,
500 1340 538 1403 ad
568 1337 658 1402 illum
688 1338 755 1403 sine
778 1339 870 1406 dubio
891 1340 1076 1422 perueniens
1098 1342 1230 1425 statum,

98 1442 133 1506 ut
156 1441 237 1505 talis
262 1439 436 1506 inueniatur
458 1439 491 1504 in
514 1442 604 1505 noete
627 1441 727 1523 qualis
750 1442 784 1505 in
806 1442 867 1519 die,
890 1442 964 1508 talis
980 1442 1014 1507 in
1031 1443 1111 1509 looto
1125 1442 1230 1525 qualis

70 1544 129 1609 oin
153 1544 311 1626 oratione,
335 1544 409 1609 talis
430 1544 515 1609 solus
538 1543 639 1625 qualis
661 1546 761 1611 turbis
785 1544 948 1610 hominum
971 1546 1230 1628 oiroumsaeptus,

97 1648 261 1728 postremo
294 1649 331 1710 ut
362 1664 531 1730 numquam
566 1664 599 1711 so
632 1647 727 1713 talem
760 1648 897 1715 secretus
928 1650 1069 1732 aspiciat,
1103 1650 1229 1732 qualem

98 1749 202 1815 uideri
235 1748 276 1815 ab
307 1749 482 1815 bominibus
512 1750 676 1827 erubuerit,
708 1770 766 1816 neo
788 1752 820 1815 in
843 1768 878 1817 eo
901 1751 964 1817 talo
985 1751 1103 1835 aliquid
1124 1752 1229 1816 ineui-

97 1852 209 1917 tabilis
241 1851 297 1917 ille
328 1854 434 1919 ooulus
465 1852 684 1937 deprehendat,
715 1856 795 1937 quod
822 1853 862 1919 ab
886 1854 1029 1920 humanis
1052 1855 1227 1938 aspectibus

96 1956 176 2021 uelit
208 1973 280 2020 esse
311 1954 456 2021 oblatum.
494 1959 526 2021 et
554 1956 599 2021 ita
629 1974 699 2021 oum
730 1956 866 2041 eoeperit
894 1957 1079 2023 suauissimo
1109 1955 1261 2023 luminat

67 2058 262 2126 eastitatis
291 2057 406 2142 iugiter
436 2058 593 2137 delentem,
625 2058 727 2125 disere
754 2060 871 2142 poterit
901 2078 973 2126 enm
1000 2061 1164 2145 propheta:
1188 2060 1228 2125 et

99 2179 170 2227 nox
202 2160 469 2227 inluminatio
500 2162 540 2226 in
573 2161 738 2227 doliolis
772 2163 877 2228 meis.
915 2164 1006 2245 qnia
1038 2162 1231 2229 tenebrae

99 2283 173 2329 non
198 2265 626 2343 obscurabunturato‚
643 2266 768 2331 etnox
790 2265 994 2331 sioutdies
1015 2266 1229 2332 inlumina-

97 2366 230 2433 bitur:
256 2367 364 2435 siout
385 2368 577 2435 tenebrae
600 2369 701 2449 eius,
724 2370 780 2434 ita
801 2372 839 2435 et
860 2370 991 2435 lumen
1012 2368 1106 2434 eius.
1139 2368 1228 2434 deni-

99 2492 158 2555 que
197 2472 261 2537 hoa
296 2474 410 2555 ipsum,
447 2474 520 2555 quia
555 2490 651 2554 supra
693 2472 902 2539 oondioionem
938 2475 1068 2538 naturae
1103 2471 1228 2536 uidetur

67 2576 268 2657 inhumanae,
292 2576 425 2658 qualiter
447 2575 618 2641 obtinuerit
638 2575 722 2640 idem
745 2576 895 2657 propbeta
917 2575 1082 2659 subiungit
1103 2575 1229 2641 diosna:

98 2680 192 2763 quia
220 2682 264 2744 tu
297 2679 517 2761 possedisti
545 2697 654 2745 renes
683 2697 802 2759 meos,
832 2680 864 2744 id
894 2681 952 2762 est,
982 2697 1046 2743 non
1072 2677 1230 2743 industria

98 2800 171 2849 mea
204 2801 305 2865 neque
338 2784 456 2849 uirtute
488 2782 569 2848 bano
601 2784 755 2865 promerui
788 2782 967 2864 puritatem,
1000 2782 1055 2848 sed
1088 2780 1161 2864 quia
1190 2782 1226 2845 tu

98 2884 302 2951 mortifioasti
318 2885 446 2952 insitum
461 2885 588 2951 renibus
604 2887 681 2950 meis
696 2884 881 2951 libidinosae
892 2885 1065 2969 uoluptatis
1077 2886 1229 2951 ardorem.

142 3006 255 3071 VIIII.
284 3023 483 3072 annuamus:
510 3006 694 3091 Perpetuam
729 3006 855 3089 quidem
888 3006 1022 3089 corporis
1056 3004 1228 3086 puritatem

67 3128 137 3176 aex
167 3110 259 3192 parte
288 3110 393 3193 aliqua
421 3110 539 3192 experti
565 3126 672 3176 sumus
700 3129 718 3175 a
745 3108 953 3195 uigilantibus
979 3126 1069 3193 posse
1098 3126 1154 3190 por
1175 3106 1228 3173 dei

99 3211 242 3297 gratiam
270 3212 431 3299 possideri,
461 3216 493 3279 et
521 3212 748 3279 oonmotionem
776 3212 878 3278 earnis
900 3212 1104 3277 districtionis
1124 3210 1227 3293 rigore

101 3318 202 3399 atquo
225 3314 339 3382 iudiolo
362 3316 526 3382 resistente
548 3314 755 3399 uigilantibus
778 3332 866 3397 posse
888 3332 946 3381 non
969 3314 1147 3397 oontingere
1164 3331 1226 3378 non

208 3544 241 3599 rs
260 3522 382 3612 ae'ree,
402 3542 502 3599 11-1a
604 3543 637 3597 ar
657 3544 676 3599 1.
694 3559 716 3597 e
736 3544 768 3598 13

156 3754 233 3827 tab]
252 3756 286 3811 ad
302 3756 342 3808 11¹
441 3756 556 3812 inelud
574 3760 600 3809 Y
692 3756 811 3812 humoris
829 3758 884 3811 ΤΟ
984 3756 1083 3811 oondit
1101 3755 1160 3807 nm

100 3844 266 3913 omoeoque
281 3843 323 3895 11¹
419 3842 757 3914 deprae(e)hendit11¹'1’
784 3843 980 3913 depraehendat
996 3843 1038 3895 11¹
1133 3842 1227 3911 dper-

100 3928 208 3985 neuiare
228 3934 256 3984 Σ
356 3931 373 3984 9
395 3929 424 3983 in
442 3936 508 3985 onte
524 3932 599 3985 noete
617 3946 669 3985 om.
692 3932 717 3983 T
813 3936 879 3999 poet
897 3929 940 3985 die
956 3928 1021 3984 ualet
1043 3929 1085 3981 Za
1113 3927 1179 3981 talia
1197 3928 1228 3980 in

100 4016 148 4071 die
235 4016 279 4070 die
296 4014 368 4069 et0
460 4017 495 4071 10
511 4018 702 4087 eironmseptus
719 4015 841 4071 ΣΠῬΟ
935 4017 965 4072 11
983 4018 1116 4071 borretum
1134 4016 1159 4067 Y

101 4102 339 4157 membratim·
436 4103 467 4158 18
484 4102 518 4157 ab
536 4118 587 4157 om.
604 4104 630 4155 Ψ
724 4103 758 4157 14
775 4101 854 4157 uellit
871 4102 902 4154 Π
994 4102 1027 4158 lb
1043 4098 1110 4170 proi.
1127 4099 1158 4151 11

102 4190 139 4245 16
158 4188 248 4245 imum.
266 4204 326 4244 mea
343 4188 412 4258 O<o)
492 4188 664 4259 isanpero
741 4188 841 4243 oondit
858 4188 889 4240 Π
892 4189 918 4240 P
992 4187 1028 4243 ffl
1043 4187 1111 4257 proi.
1128 4186 1157 4239 11

100 4273 140 4329 22
164 4276 194 4329 tu
214 4290 265 4331 om.
288 4276 315 4327 Τ
413 4274 449 4329 23
470 4274 620 4331 uoluntatis
642 4274 701 4327 nm
804 4274 840 4331 26
862 4272 992 4343 pomadari
1015 4272 1052 4324 11¹
1156 4286 1228 4346 oona-

102 4360 235 4415 motiones
252 4362 278 4412 ‘1’
379 4358 561 4415 destriotionis
579 4359 634 4414 ΣΟ
661 4359 844 4415 distriotionea
861 4359 899 4410 11¹
