3092 4967
277 439 344 504 430
673 434 838 489 Iohannis
856 433 1013 488 Cassiani

280 625 461 693 editioribus
477 626 601 692 sellulis
616 625 836 690 recondantur.
860 643 932 688 nam
949 623 1079 688 madens
1095 622 1248 688 ebrietate
1263 623 1406 688 eontinua

279 736 382 796 terrae
415 731 502 796 illius
536 730 636 795 solum
670 727 824 793 humandi
860 731 945 793 aroet
979 725 1125 792 offioium.
1170 727 1198 790 si
1231 743 1293 809 qua
1325 725 1404 790 enim

279 835 432 900 cadauera
463 832 584 897 defossa
616 831 799 914 susceperit,
836 847 979 895 enomere
1012 829 1051 894 ad
1088 828 1285 912 superfieiem
1321 847 1403 893 snam

249 936 519 1005 dinundationum
541 934 706 998 nimietate
736 932 932 1014 oonpellitur.
971 951 1042 997 eum
1068 931 1168 1015 igitur
1192 932 1405 1014 antiquissimo

279 1039 406 1104 suidam
428 1037 571 1103 oadaueri
594 1035 707 1101 beatus
730 1036 890 1102 Maearins
920 1036 1108 1120 adstitisset,
1131 1036 1190 1100 ait:
1215 1053 1232 1100 o
1255 1035 1357 1112 home,
1380 1035 1437 1099 sis

278 1142 417 1207 uenisset
439 1141 500 1205 huo
514 1159 637 1206 meeum
652 1139 827 1204 haereticus
842 1139 897 1205 ille
911 1139 995 1204 filine
1010 1139 1194 1222 perditionis
1210 1144 1243 1204 et
1266 1139 1406 1204 adstante

278 1247 345 1328 ipso
375 1262 488 1309 nornen
517 1243 637 1308 Christi
665 1243 716 1306 dei
746 1245 809 1308 mei
831 1243 981 1308 inuooane
1005 1242 1237 1318 erolsmassem,
1261 1247 1406 1307 utrumne

278 1365 381 1414 eoram
403 1348 464 1425 his,
487 1346 542 1429 qui
563 1365 661 1430 paene
683 1347 750 1410 eius
774 1344 901 1411 fuerant
922 1345 1031 1412 fraude
1046 1347 1197 1422 subuersi,
1213 1350 1405 1410 suffecturus

278 1451 391 1516 fuisses
413 1449 537 1515 edioito.
570 1453 641 1513 tum
662 1447 719 1512 ille
741 1467 931 1533 oonsurgens
954 1449 1120 1514 adnuentis
1142 1467 1217 1514 uooe
1241 1450 1406 1532 respondit.

278 1571 372 1635 quern
394 1555 591 1635 interrogans
614 1550 712 1618 abhas
743 1553 899 1618 Maserius
922 1551 1074 1634 quidnam
1095 1551 1209 1618 fuisset
1231 1552 1440 1635 aliquandoro

279 1673 351 1721 oum
374 1657 529 1721 frueretur
550 1657 610 1720 hao
630 1653 709 1734 uita,
731 1656 784 1720 uel
814 1674 877 1739 qua
905 1655 1069 1721 hominum
1091 1655 1204 1720 inisset
1227 1659 1333 1722 aetate
1354 1659 1409 1720 ant

278 1757 305 1822 si
327 1777 440 1824 nornen
463 1758 582 1825 christi
604 1763 681 1825 tuno
703 1759 854 1842 temporis
877 1761 1084 1842 remouisset,
1111 1759 1168 1825 illo
1184 1760 1242 1826 sub
1258 1761 1409 1842 antiquis-

278 1863 369 1927 simis
398 1862 524 1946 regibus
554 1881 590 1928 se
610 1863 727 1928 uixisse
750 1863 912 1946 respondit
934 1863 1115 1946 Christique
1136 1882 1248 1929 nomen
1272 1863 1410 1930 adseruit

248 1965 345 2036 einis
375 1983 409 2030 se
437 1983 494 2031 nee
521 1966 647 2032 audisse
672 1967 876 2052 temporibus.
914 1969 964 2032 oui
987 1985 1095 2032 mrsus
1119 1967 1217 2032 abhas
1239 1967 1409 2045 mesenus,

278 2068 390 2146 dormi,
422 2069 536 2151 inquit,
564 2069 600 2133 in
628 2087 704 2152 paee
733 2087 807 2134 oum
837 2069 948 2136 ueteris
970 2071 1005 2134 in
1028 2072 1082 2135 tuo
1104 2069 1222 2150 ordine,
1245 2089 1264 2136 a
1286 2069 1439 2136 christoe

277 2172 312 2237 in
341 2171 404 2238 fine
435 2174 613 2256 tempomm
645 2172 855 2239 suscitandus.
901 2173 977 2239 haee
1009 2173 1110 2255 igitur
1143 2173 1211 2238 eius
1244 2173 1351 2238 uirtus
1380 2177 1411 2238 et

276 2275 383 2357 gratia
413 2278 566 2358 quantum
595 2276 726 2358 inipso
755 2276 819 2341 fuit
849 2293 971 2359 semper
1001 2275 1135 2341 fortasse
1163 2275 1323 2354 latuisset,
1352 2277 1409 2342 nisi

277 2395 350 2442 eum
372 2377 541 2445 nenessitas
562 2379 661 2443 totius
682 2378 862 2461 prouinciae
884 2377 1095 2462 perialitantis
1110 2379 1144 2442 et
1158 2397 1232 2463 erga
1246 2378 1409 2445 Christum

276 2480 371 2564 plena
401 2482 525 2547 deuotio
558 2499 706 2564 amorque
742 2482 885 2547 sincerus
916 2483 1003 2548 istud
1040 2500 1182 2548 exeroere
1218 2484 1408 2549 miraeulnm

278 2585 478 2668 oonpulisset.
512 2588 594 2668 qnod
619 2587 729 2668 utique
750 2591 788 2651 ut
802 2589 842 2654 ab
857 2604 892 2652 eu
907 2585 998 2651 fieret
1013 2603 1075 2651 non
1090 2586 1261 2651 ostentatio
1276 2587 1407 2670 gloriae,
1417 2612 1439 2652 u

276 2688 332 2752 sed
355 2687 471 2753 caritas
493 2687 612 2753 Christi
634 2690 668 2754 et
682 2690 781 2755 totins
795 2689 898 2770 plebis
914 2691 1043 2755 extorsit
1058 2689 1198 2756 utilitas:
1225 2693 1264 2756 ut
1278 2690 1409 2757 beatum
1517 2755 1518 2762 ,

276 2807 400 2874 quoque
421 2792 547 2856 Heliam
569 2793 681 2858 fouisse
702 2792 880 2876 Regnorum
904 2793 998 2859 leutio
1013 2794 1209 2876 manifestat,
1229 2793 1284 2875 qui
1304 2793 1409 2878 ignem

275 2894 315 2958 de
350 2895 436 2959 eaelo
471 2913 565 2977 super
600 2894 721 2960 hostias
756 2897 907 2978 inpositas
944 2913 1038 2980 pyrae
1071 2897 1187 2963 ideireo
1219 2897 1410 2964 demandare

275 2997 459 3081 postulauit,
497 3001 533 3063 ut
567 2997 803 3081 periolitantem
846 3001 1187 3083 pseudoprophetarum
1226 3001 1408 3086 praestigiis

275 3100 369 3168 fidem
391 3103 488 3168 totius
511 3102 618 3186 populi
641 3102 799 3169 liberaret.
1415 3125 1437 3166 rs

317 3221 395 3287 1111.
426 3223 508 3302 Quid
538 3223 635 3289 etiam
665 3223 787 3289 abbatis
809 3223 955 3289 Abrahae
981 3223 1071 3307 gesta
1092 3239 1335 3310 conmemorsm,
1358 3225 1407 3308 qni

274 3319 409 3407 ἁπλοῦς,
443 3327 474 3392 id
510 3329 557 3392 est
595 3327 727 3409 simplex
760 3344 816 3410 pro
856 3327 1060 3411 simplieitats
1093 3345 1216 3394 morum
1252 3331 1285 3393 et
1318 3329 1407 3394 inno·

275 3430 378 3494 oentia
406 3429 668 3514 eognominatur?
697 3430 751 3512 qui
780 3449 852 3496 eum
880 3430 1019 3496 metendi
1040 3429 1143 3516 gratia
1164 3430 1204 3496 ad
1225 3432 1406 3517 Aegyptum
1515 3395 1516 3443 ¹

327 3683 541 3739 lreoonduntur
559 3685 588 3736 Σ
690 3685 878 3741 hmaohnrius
894 3685 949 3739 Po
1045 3686 1087 3741 ait
1103 3701 1155 3741 orn.
1173 3685 1228 3740 20
1329 3687 1406 3742 homo

275 3769 374 3838 inquid
391 3771 445 3824 YO
548 3769 650 3840 ‘dipsol
669 3771 718 3825 illo
737 3771 763 3824 0
866 3771 994 3827 Sirende
1011 3771 1119 3827 rums
1135 3774 1162 3825 d·
1263 3773 1300 3827 10
1316 3771 1405 3841 attus]

274 3855 372 3910 beatus
389 3854 415 3908 Ο
518 3855 669 3912 maeharius
687 3857 743 3910 ῬΟ
845 3859 983 3928 quidnam]
1002 3857 1050 3927 qni
1068 3859 1094 3911 Y
1196 3859 1229 3914 14
1245 3857 1296 3914 ille
1315 3859 1341 3912 Ο

274 3949 354 3996 rursu
380 3940 406 3994 0
507 3941 660 3998 macharius
685 3946 712 3995 Y
736 3942 977 3999 monuistis·
1001 3943 1027 3997 Ο
1131 3945 1163 4000 15
1189 3944 1288 4014 inquid
1316 3945 1342 3999 0

275 4028 310 4082 16
325 4027 414 4082 hom·
426 4027 452 4080 0
556 4029 589 4083 18
605 4030 760 4098 pronintite
776 4031 803 4082 Y
904 4030 937 4084 19
954 4031 1024 4086 istut
1041 4031 1069 4082 Σ
1172 4030 1206 4086 20
1227 4031 1406 4086 ostentatione

274 4115 304 4164 Σ
406 4113 441 4167 22
466 4113 549 4182 ethni
576 4113 601 4167 0
703 4113 738 4169 28
761 4114 880 4170 hostiam
904 4115 1058 4185 impon'tam
1082 4117 1108 4168 21
1207 4115 1284 4186 pirae
1311 4117 1341 4169 Σ

273 4199 529 4270 24sendoprot0·
624 4199 1179 4272 topopnlilpolnH,oorr.iepopnto
1282 4201 1405 4274 nequod
1512 4233 1513 4260 r

273 4283 314 4334 Πι
428 4299 653 4341 oonmenrorarem
681 4288 709 4337 Σ
742 4301 935 4341 oommorarern
961 4287 1001 4339 Πι
1121 4288 1155 4343 22
1182 4303 1285 4344 ausono
1313 4287 1340 4342 0

273 4369 477 4439 simplieitatem
494 4371 534 4422 Πι
637 4371 672 4427 28
690 4371 807 4441 gratiam
825 4371 865 4424 11¹
