3092 4967
648 460 806 518 noniano
823 462 846 528 1,
865 464 940 518 1-4.
1333 471 1354 536 9

225 652 404 719 solitudinis
420 672 481 718 non
496 652 640 718 deterret.
663 654 702 719 ob
717 670 811 735 quem
822 668 877 717 uos
889 651 950 734 ipsi
961 651 1069 735 procul
1084 652 1178 718 dnbio
1190 656 1353 736 parentum

224 757 390 838 spreuistis
418 756 566 821 effaetum
593 757 625 820 et
652 757 792 839 patrium
821 755 923 819 solnm
952 772 989 819 ao
1017 753 1142 820 delicias
1169 758 1278 823 mundi
1304 759 1352 823 tot

225 860 423 942 pertransitis
445 858 620 941 regionibus
643 858 836 942 despexistis
865 861 901 922 nt
922 858 963 923 ad
985 876 1041 923 nos
1064 856 1205 923 homines
1220 860 1352 927 rusticos

225 966 260 1029 et
288 962 401 1027 idiotas
428 966 523 1044 atque
550 962 584 1025 in
611 961 667 1027 boo
695 961 817 1027 heremi
845 960 988 1043 squalore
1017 962 1166 1045 degentes
1193 963 1352 1045 peruenire

199 1064 370 1147 spossetis.
408 1068 533 1147 propter
556 1064 635 1146 quod
657 1064 850 1145 respondete,
872 1063 985 1147 inquit,
1009 1063 1086 1129 mihi
1102 1084 1181 1149 quae
1195 1066 1238 1131 sit
1253 1065 1351 1132 desti·

224 1166 314 1233 natio
330 1172 434 1233 uestra
449 1168 500 1233 uel
513 1168 594 1246 finis,
616 1168 670 1250 qui
685 1167 814 1233 adhaec
828 1169 931 1233 omnia
946 1166 1153 1233 libentissime
1169 1169 1351 1235 sustinenda

224 1288 284 1336 nos
306 1274 462 1356 prouocat.

270 1391 329 1457 III.
354 1392 394 1455 Et
421 1410 491 1457 eum
520 1390 698 1475 persisteret
720 1393 859 1456 nostram
886 1390 997 1456 elioers
1019 1408 1112 1473 snper
1134 1392 1192 1457 hae
1213 1391 1349 1459 interro·

224 1494 351 1577 gatione
381 1494 576 1573 sententiam,
606 1493 819 1577 respondimus
852 1494 939 1575 regni
968 1494 1126 1559 caelorum
1154 1512 1249 1561 musa
1274 1497 1350 1562 haee

183 1602 337 1663 neeunota
359 1597 494 1664 tolerari.

268 1720 346 1784 1111.
376 1718 426 1783 Ad
455 1717 535 1801 qnod
564 1718 634 1783 ille:
663 1718 758 1795 Bene,
788 1716 904 1799 inquit:
933 1723 1044 1802 argute
1065 1721 1102 1785 da
1122 1720 1185 1784 fine
1213 1720 1348 1787 dixistis.

224 1825 278 1906 qui
302 1840 374 1886 nero
395 1822 508 1887 debeat
523 1840 589 1886 esse
604 1838 710 1902 soopos
726 1825 842 1903 noster,
863 1822 895 1885 id
909 1824 959 1887 est
973 1821 1150 1898 destinatio,
1166 1823 1218 1887 eui
1232 1824 1348 1908 ingiter

224 1926 420 1991 inhaerentes
453 1924 546 1989 finem
581 1925 740 1989 ualeamus
773 1925 946 2009 adtingere,
981 1944 1053 2008 prae
1085 1928 1228 1993 omnibus
1260 1944 1348 1993 nosse

222 2028 352 2094 debetis.
392 2029 424 2093 et
452 2046 524 2093 oum
551 2028 776 2110 ignorationem
805 2028 937 2094 noniessi
961 2028 1147 2112 simpliciter
1168 2030 1346 2113 fuissemus,

184 2132 352 2199 uadiaoit:
381 2132 415 2196 in
441 2132 525 2197 omni
555 2134 591 2195 ut
614 2131 675 2196 diri
705 2136 772 2195 arte
794 2150 830 2197 aa
852 2131 1016 2215 disoiplina
1037 2134 1193 2213 praeeedit
1216 2134 1345 2216 qnidam

221 2253 341 2317 seopos,
357 2235 389 2300 id
404 2237 452 2299 est
466 2234 588 2299 animae
603 2234 767 2298 destinatio
782 2234 850 2299 siue
864 2233 1058 2300 incessabilis
1073 2238 1187 2300 mentis
1202 2236 1345 2303 intentio.

222 2358 319 2421 quam
349 2339 409 2403 nisi
436 2340 506 2421 quis
534 2339 618 2403 omni
646 2338 748 2403 studio
770 2339 1061 2420 perseuerantiaque
1083 2342 1264 2415 seruauerit,
1288 2360 1346 2407 nee

222 2446 262 2508 ad
291 2443 385 2506 finem
414 2440 582 2506 desiderati
615 2440 735 2506 fruetus
764 2442 880 2522 poterit
909 2441 1078 2523 peruenire.
1115 2460 1189 2507 nam
1217 2447 1253 2507 nt
1282 2443 1376 2509 dixis

222 2546 361 2629 agricola
389 2544 481 2609 finem
509 2543 623 2608 habens
651 2561 757 2609 seeure
785 2542 967 2625 copioseque
989 2544 1116 2609 uiuendi
1137 2546 1169 2609 in
1192 2549 1346 2628 prouentu

183 2652 365 2732 aosegetum
387 2647 588 2713 fecundarum
615 2664 736 2729 scopon,
758 2648 861 2712 idest
886 2648 1124 2711 destinationem
1138 2649 1220 2730 gerit
1235 2666 1344 2732 agrum

221 2770 315 2817 suum
338 2752 457 2816 eunetis
479 2751 620 2816 sentibus
635 2766 804 2833 expurgare
826 2768 958 2832 eumque
972 2752 1125 2815 uniuersis
1140 2750 1343 2817 infructuosis

220 2870 353 2919 mouere
380 2854 584 2937 graminibus,
610 2871 667 2918 nee
689 2853 781 2920 aliter
802 2872 835 2918 ss
857 2854 955 2935 quieti
976 2854 1046 2919 duis
1074 2854 1267 2937 opulentiam
1288 2856 1344 2921 ad-

221 2963 368 3040 epturum
399 2976 465 3021 esse
494 2958 631 3039 contidit,
660 2956 722 3021 nisi
749 2956 793 3036 id,
825 2959 906 3039 quod
933 2977 992 3022 usn
1012 2957 1156 3024 obtinere
1177 2959 1342 3035 desiderat,

220 3061 357 3143 quadam
379 3060 466 3142 prius
489 3061 589 3143 operis
613 3078 649 3125 ae
663 3062 728 3144 spei
743 3079 818 3125 suae
832 3060 952 3126 ratione
967 3061 1132 3144 possideat.
1167 3063 1345 3145 negotiator

184 3180 342 3247 aequoque
364 3163 631 3246 corporandorum
653 3163 804 3229 mersium
835 3163 1022 3229 desiderium
1044 3180 1106 3227 uon
1130 3163 1266 3246 deponit,
1289 3182 1344 3245 per

220 3266 304 3349 qnod
336 3266 435 3349 possit
470 3267 686 3348 quaestuosius
724 3267 850 3332 diuitias
883 3283 1079 3350 congregare,
1117 3267 1190 3348 qnia
1226 3266 1345 3332 bostra

220 3369 451 3451 eoueupiseeret
473 3370 602 3447 luernm,
631 3368 694 3433 nisi
716 3367 802 3433 uiam
824 3386 885 3450 qna
910 3369 1002 3433 adid
1024 3367 1167 3433 tenderet
1187 3368 1344 3451 elegisset.

220 3474 254 3536 et
290 3473 343 3554 qni
376 3473 467 3537 uerba
500 3472 674 3556 quibusque
706 3473 911 3554 dignitatibus
945 3470 1054 3537 mundi
1088 3471 1180 3537 huius
1213 3475 1343 3557 eupiunt

219 3576 377 3653 honorari,
410 3575 460 3641 oui
493 3594 527 3642 se
561 3575 662 3642 offieio
691 3575 742 3641 uel
772 3575 875 3641 ordini
907 3575 1039 3641 debeant
1067 3575 1243 3659 mancipare
1270 3578 1343 3641 ante

182 3680 405 3762 „proponunt
440 3680 476 3743 nt
507 3698 562 3761 per
594 3680 771 3761 legitimum
804 3680 871 3762 spei
904 3679 1064 3743 tramitem
1097 3678 1192 3743 finem
1224 3696 1343 3761 qnoque

219 3781 345 3847 ualeant
368 3780 560 3846 desideratae
582 3782 746 3865 dignitatis
765 3783 935 3866 adtingere.
968 3782 1075 3865 itaque
1089 3781 1122 3845 et
1136 3781 1207 3848 niae
1221 3784 1373 3850 nostres

271 4052 458 4125 3dispexistis
477 4054 506 4108 D
609 4059 727 4109 rustooos
746 4056 787 4110 D¹
888 4054 1033 4110 dherimis
1051 4055 1092 4109 D¹
1199 4054 1343 4123 bpoaaitia

218 4138 299 4195 D¹X
384 4138 479 4209 inquid
495 4138 525 4194 D
614 4140 727 4195 duolio
740 4142 881 4196 distinctio
893 4142 924 4194 ia
940 4140 1008 4195 DX
1098 4140 1132 4195 10
1148 4144 1229 4196 onuta
1245 4140 1276 4195 D

219 4227 251 4280 11
280 4224 374 4294 inquid
400 4226 442 4280 D¹
545 4230 573 4280 et
590 4230 724 4295 argntor
758 4230 835 4282 mute
858 4227 888 4281 D
992 4226 1026 4280 12
1049 4242 1106 4281 ease
1128 4227 1223 4281 debeat
1245 4225 1276 4280 X

220 4310 252 4366 17
272 4312 362 4380 qnam]
381 4312 445 4381 qnia
462 4310 502 4365 D¹
587 4312 621 4367 22
636 4312 838 4383 adepturamD
921 4313 955 4366 27
973 4313 1002 4366 id
1019 4328 1069 4367 ooo.
1087 4313 1117 4368 D
1201 4312 1236 4367 28
1252 4313 1342 4383 digni·

219 4399 325 4453 tutatum
341 4398 380 4451 D¹
