3092 4967
520 439 681 498 conlatio
702 441 790 506 XVII,
810 442 924 498 20-24.
1223 445 1288 512 487

150 635 296 698 nostram
318 628 423 713 potius
446 649 541 714 qnam
564 633 821 714 percontantibus
843 633 942 717 prodi,
970 653 1006 700 ac
1027 653 1119 718 super
1141 634 1287 700 huiusce·

148 735 241 800 modi
263 733 365 800 cauas
388 752 444 801 uos
467 753 589 818 quoque
619 734 755 802 fatemur
783 737 967 804 iuenitabile
989 755 1056 803 esse
1078 737 1287 804 mendacium.

149 837 185 902 in
216 839 352 904 meando
382 841 489 904 antem
512 837 599 904 nullu
621 839 710 905 nobis
732 840 889 906 incumbit
911 841 1081 906 neomitas
1102 840 1286 925 mentiendi,

151 941 292 1023 primum
317 942 390 1024 qnia
412 960 577 1025 possumus
599 961 636 1008 ea
650 961 730 1025 quae
745 942 880 1010 fratrum
896 942 1068 1010 ministerio
1084 945 1288 1028 porriguntur

123 1045 203 1110 site
232 1063 392 1128 rennuere,
423 1047 460 1112 ut
488 1045 575 1112 nullo
610 1065 667 1113 nos
702 1046 894 1114 delinitionis
928 1048 1053 1113 uinculo
1086 1048 1286 1130 conligamus,

150 1147 269 1214 deinde
302 1151 384 1232 quod
417 1149 514 1216 semel
542 1151 731 1217 rennuentes
767 1168 933 1234 possumus
965 1150 1148 1218 inmobilem
1181 1155 1287 1218 tenere

145 1252 350 1318 sententiam.

194 1371 319 1436 XXIII.
352 1389 491 1439 rosana:
526 1377 592 1440 Has
629 1374 825 1441 definitiones
859 1376 986 1442 illorum
1024 1375 1284 1443 monasteriorum

149 1491 223 1538 esse
255 1493 316 1540 non
349 1477 479 1542 dubium
513 1479 568 1561 est,
602 1479 635 1543 in
669 1478 782 1561 quibus
817 1479 1060 1545 renuntiationis
1094 1481 1217 1547 uestrae
1248 1481 1286 1546 nt

112 1604 142 1643 ao
151 1578 263 1642 dicitis
295 1579 475 1645 rudimenta
506 1582 642 1646 formata
674 1584 757 1656 suni,
791 1598 922 1663 quornm
957 1581 1114 1666 principes
1149 1582 1283 1648 fratrum

149 1682 317 1748 refectioni
340 1703 414 1750 snas
436 1684 577 1758 adsolent
592 1703 779 1768 praeponere
796 1684 976 1752 noluntates
993 1689 1025 1751 ct
1039 1686 1285 1752 obstinatissime

149 1785 185 1850 id
210 1787 291 1869 qnod
314 1788 413 1852 semel
434 1789 539 1853 mente
561 1788 760 1872 conceperint
781 1793 1000 1872 exsequuntur.
1040 1793 1178 1855 ceterum
1201 1791 1284 1856 seni-

150 1907 225 1954 ores
247 1891 356 1973 nostri,
379 1909 509 1972 qnorum
532 1889 605 1957 fidei
628 1890 871 1972 apostolicarum
901 1893 991 1976 algua
1014 1894 1170 1958 uirtutum
1193 1878 1299 1959 testi?

150 1991 295 2058 monium
339 1993 542 2058 reddiderunt
593 1996 707 2077 quique
751 1994 899 2060 uniuersa
942 1995 1058 2062 iudicio
1101 1998 1205 2079 potins
1248 2013 1285 2062 ec

114 2094 343 2160 adiscretione
363 2096 491 2178 spiritns
513 2113 608 2179 quam
634 2097 737 2180 rigida
758 2097 857 2162 animi
880 2098 1091 2165 obstinatione
1108 2100 1282 2184 gesserunt,

149 2215 207 2262 eos
237 2198 291 2280 qui
321 2199 431 2264 alienis
461 2199 700 2266 infirmitatibus
731 2201 969 2283 adquiescerent
998 2205 1098 2268 multo
1124 2202 1284 2269 uberiores

150 2300 276 2366 frustm
299 2321 392 2384 quam
416 2319 466 2368 eos
490 2303 543 2387 qui
565 2305 597 2368 in
623 2306 689 2371 suis
704 2303 939 2370 definitionibus
954 2308 1159 2387 perdurarent
1175 2325 1284 2389 capere

149 2407 347 2485 censuerunt,
370 2406 625 2491 sublimiorisque
647 2408 930 2492 pronuntiauerunt
948 2427 1013 2474 erse
1029 2409 1159 2474 ulrtntis
1174 2413 1283 2475 conte·

148 2526 225 2590 gere
247 2508 352 2589 potius
375 2510 603 2577 continentiam
625 2512 801 2578 necessario
828 2512 887 2578 boc
902 2514 939 2577 nt
953 2512 1073 2577 dictum
1089 2516 1137 2577 est
1151 2511 1283 2578 bumili-

111 2631 213 2695 aoqus
235 2613 397 2680 mendacio
419 2632 511 2696 qnam
534 2615 709 2698 patefacere
732 2615 865 2698 superbo
887 2614 1030 2680 uembtis
1052 2613 1178 2680 indicio.

195 2731 335 2799 XXIIII.
370 2735 510 2817 Denique
542 2738 637 2803 abbas
671 2735 807 2801 Piamnn
840 2737 910 2818 post
945 2734 1061 2820 uiginti
1090 2735 1123 2801 et
1148 2734 1283 2819 quinque

149 2855 250 2903 annos
279 2837 418 2903 oblatam
449 2838 508 2905 sibi
533 2841 706 2922 aquodam
739 2839 836 2904 fratre
859 2857 953 2906 uuam
977 2857 1013 2904 ac
1034 2841 1143 2904 uiuum
1167 2839 1284 2921 absque

149 2941 362 3006 haesitatione
398 2941 569 3023 suscipiens
606 2943 770 3008 confestim
808 2960 844 3007 ea
881 2960 959 3024 quae
996 2943 1120 3027 ingesta
1156 2941 1284 3007 fuerant

150 3048 260 3110 contra
294 3045 550 3110 consuetudinem
583 3044 750 3128 degustare
784 3063 878 3127 qnam
906 3046 1033 3129 ignotae
1061 3043 1180 3110 cunctis
1209 3061 1283 3110 cou-

112 3147 305 3217 sstinentIae
338 3147 454 3212 meluit
487 3146 651 3231 propalare
683 3147 849 3212 uirtutem.
878 3164 960 3212 nam
991 3147 1019 3212 si
1048 3146 1127 3212 illud
1161 3165 1282 3230 qnoque

151 3251 346 3316 considerare
370 3250 504 3315 uelimus
527 3250 609 3332 qnod
631 3251 767 3316 seniores
791 3253 913 3315 nostros
936 3251 1150 3316 incunctanter
1172 3248 1282 3315 iecisse

148 3353 364 3432 meminimus,
402 3356 455 3437 qui
493 3351 652 3419 mirabiIIa
694 3352 851 3418 uinctum
889 3371 1016 3418 suarum
1054 3352 1106 3417 uel
1141 3351 1282 3435 proprios

147 3461 251 3541 actus,
281 3474 357 3539 quos
387 3475 510 3522 necesse
540 3459 606 3522 erat
636 3457 676 3523 ad
706 3456 943 3522 instructionem
969 3455 1128 3521 iuniorum
1150 3454 1184 3519 in
1209 3472 1281 3520 cou-

202 3693 217 3746 1
236 3707 316 3762 quam
335 3708 386 3749 om.
403 3693 443 3746 Πι
530 3695 777 3764 percontantinsll
805 3693 1040 3762 percunctantibus
1053 3695 1088 3745 Y¹
1178 3693 1282 3748 2fute·

147 3793 227 3834 amur
243 3779 275 3831 Π
358 3779 545 3834 insatiabilem
562 3779 602 3832 Πι
687 3780 856 3849 4ροιιιίιιιιιε
876 3779 901 3834 Ο
989 3781 1006 3834 5
1023 3794 1151 3834 rennuere
1167 3779 1199 3831 Π
1203 3777 1282 3832 r¹0=

149 3880 261 3920 renuere
283 3867 352 3919 W
476 3865 595 3934 umento]
614 3865 655 3918 uti
673 3865 770 3934 puculo
789 3865 893 3934 (poculo
910 3881 944 3919 ua
962 3867 992 3933 2)
1011 3865 1041 3916 Π
1163 3864 1281 3933 conlegi·

148 3967 209 4007 mus
226 3952 256 4004 Π
353 3953 370 4006 6
387 3955 530 4007 renuentes
547 3952 619 4004 nr·
717 3950 856 4006 imobilem
873 3952 904 4003 ll
1001 3951 1018 4006 8
1035 3949 1279 4006 monastheriomm

147 4039 178 4090 Σ
283 4039 313 4092 11
339 4037 480 4094 uoluntate
504 4039 545 4090 11ι
648 4036 864 4108 opstinetissiure
888 4039 913 4090 Τ
1015 4033 1047 4090 12
1070 4039 1227 4092 emscuntnr
1252 4036 1281 4088 Σ

150 4126 296 4180 execuntur
309 4123 335 4176 Ο
422 4125 455 4178 lb
467 4123 639 4179 discutionis
652 4123 752 4193 spiritu
764 4124 790 4174 Y
874 4137 927 4192 qua
944 4124 973 4175 Σ
1059 4121 1154 4191 regida
1170 4122 1211 4173 Π*

150 4211 183 4264 18
200 4208 425 4279 sublimioresque
442 4209 483 4262 Πι
569 4208 602 4264 21
620 4211 730 4279 piamon
747 4209 821 4260 ΠΨ
904 4207 979 4263 XXV
998 4209 1023 4262 Τ
1106 4206 1141 4262 22
1158 4206 1279 4262 oblatum

148 4295 177 4346 Π
207 4295 327 4350 edium
344 4297 370 4349 Y
471 4298 500 4350 et
517 4296 543 4346 I'
643 4294 678 4350 23
700 4298 779 4364 gesta
797 4297 823 4347 'I'
923 4294 959 4350 25
978 4299 1042 4362 poet
1060 4293 1190 4347 uirtutem
1209 4294 1234 4344 Y
1249 4293 1283 4348 ire

149 4397 236 4453 noro.
252 4381 346 4437 baba:
369 4379 445 4435 XXV
549 4381 583 4435 21
601 4384 678 4436 actas
695 4380 819 4450 proprios
837 4383 862 4432 Τ
961 4379 996 4434 28
1014 4378 1165 4434 conlatione
1182 4377 1212 4430 Π
