3092 4967
486 498 645 555 Conlatio
664 499 722 565 XX,
740 500 817 555 8-9.
1154 503 1219 569 565

98 694 252 759 deleuerit.
295 693 348 777 qui
377 710 449 757 cum
474 690 611 775 religiosi
633 694 761 758 conatus
784 692 934 773 obsequia
955 690 1092 774 supplici
1114 697 1218 758 mente

96 797 221 863 anobis
245 796 348 863 oblate
370 796 569 878 perspexerit,
592 795 718 878 exiguos
740 811 916 877 paruosque
934 798 1062 860 conatus
1077 796 1219 861 inmensa

94 900 279 966 liberalitate
311 900 509 982 prosequitur
541 896 662 963 dicens:
696 916 765 980 ego
799 916 899 973 sum,
934 916 1003 981 ego
1035 916 1119 963 sum
1152 899 1217 980 qui

94 1003 200 1068 deleo
233 1003 480 1085 iniquitates
509 1005 598 1066 tuas
620 1005 782 1084 propter
804 1020 875 1080 me,
905 1002 944 1066 et
966 1006 1217 1083 peecatorum

73 1108 243 1172 utrorum
279 1105 355 1170 iam
392 1123 465 1170 non
501 1103 754 1169 recordabor.
798 1104 839 1169 ad
875 1104 957 1169 buno
994 1104 1092 1189 igitur
1124 1103 1270 1188 quemld

91 1209 299 1296 praediximus
321 1210 440 1273 statum
462 1210 591 1290 qumque
613 1208 818 1291 contenderit,
841 1208 1066 1275 satisfactionis
1080 1209 1218 1293 gratiam

93 1312 250 1379 cotidianis
265 1311 390 1378 ieiuniis
406 1314 436 1376 et
452 1310 690 1377 mortificatione
709 1311 812 1377 cordis
827 1316 858 1376 et
873 1312 1008 1396 corporis
1020 1313 1217 1396 adsequetur,

92 1418 170 1499 quia,
203 1416 286 1482 sicut
308 1417 462 1499 seriptum
485 1421 543 1495 est,
571 1416 655 1479 sine
678 1414 891 1497 sanguinis
919 1415 1121 1511 effusione
1143 1435 1218 1481 non

92 1522 139 1586 lit
174 1521 370 1585 remissio.
417 1537 475 1584 neo
518 1517 673 1583 inmerito.
724 1534 814 1582 caro
857 1516 941 1583 enim
978 1524 1019 1585 et
1055 1521 1216 1603 sanguis

63 1642 247 1707 nreguum
277 1622 343 1688 dei
372 1622 578 1705 possidere
604 1637 678 1685 non
706 1625 886 1703 possunt.
925 1625 957 1686 et
983 1623 1053 1689 ideo
1074 1624 1215 1706 quisquis

91 1730 127 1793 ab
148 1728 241 1793 buius
264 1726 424 1809 sanguinis
448 1724 596 1790 effusione
618 1725 796 1807 gladium
818 1727 1009 1809 spiritus,
1036 1728 1134 1808 quod
1157 1733 1216 1793 est

91 1831 249 1895 uerbum
271 1828 350 1910 dei,
373 1826 507 1894 uoluerit
529 1827 681 1907 inhibere,
704 1828 820 1911 absque
842 1828 938 1894 dubio
960 1828 1017 1895 illa
1038 1829 1216 1896 Hieremiae

90 1933 304 1998 maledictione
333 1931 505 2014 plectetur:
529 1950 601 1996 nam
625 1932 880 2015 maledictus,
909 1933 1024 2016 inquit,
1046 1935 1108 2016 qui
1132 1952 1215 2016 pro·

89 2036 197 2102 hibet
233 2037 412 2118 gladium
455 2054 566 2101 suum
603 2054 622 2101 a
658 2036 859 2120 sanguine.
908 2036 960 2101 hio
996 2055 1131 2120 namque
1168 2035 1264 2103 estll

62 2140 220 2223 agladius,
248 2140 301 2222 qui
329 2138 421 2203 illum
449 2139 576 2204 noxium
602 2138 788 2222 sanguinem
816 2158 875 2223 quo
898 2142 1057 2205 animatur
1080 2142 1216 2207 materia

90 2244 285 2323 peccatorum
308 2241 477 2308 salubriter
498 2241 641 2321 tundens,
664 2241 816 2325 quidquid
834 2244 1004 2327 reppererit
1017 2244 1051 2308 iu
1067 2244 1216 2310 membris

91 2346 208 2411 animae
244 2347 369 2411 nosbae
405 2347 528 2411 carnale
565 2346 765 2410 terrenumue
804 2348 991 2423 concretum,
1029 2350 1150 2413 resecat
1182 2353 1215 2414 et

90 2452 220 2516 abscidit
248 2467 284 2515 ao
313 2450 515 2516 mortificatos
546 2451 633 2515 uitiis
655 2451 762 2515 uiuere
785 2450 841 2515 deo
864 2455 896 2515 et
918 2452 1114 2532 spiritalibus
1137 2451 1214 2517 feeit

90 2556 192 2635 uigere
214 2554 400 2619 uirtutibus.
435 2559 467 2619 et
489 2554 535 2619 ita
556 2553 621 2619 iam
640 2572 699 2619 uon
722 2554 933 2621 recordatione
947 2555 1063 2621 ueteris
1076 2557 1213 2639 admissi,

61 2658 138 2721 used
161 2675 218 2740 spe
240 2656 418 2723 futurorum
439 2657 512 2723 flere
538 2657 669 2740 incipiet
690 2657 887 2740 gaudiorum,
910 2676 967 2724 nec
989 2660 1055 2724 tem
1071 2662 1108 2725 de
1122 2678 1213 2742 prae-

91 2758 189 2825 teritis
212 2760 304 2827 malis
328 2780 420 2845 quam
436 2760 475 2828 de
497 2760 639 2827 uenturis
661 2760 802 2844 cogitans
823 2762 914 2827 bonis
937 2781 997 2827 non
1020 2781 1056 2827 ex
1071 2767 1214 2845 peecato-

90 2882 155 2930 mm
178 2882 317 2930 maerore
338 2865 493 2944 lacrimas,
511 2867 567 2930 sed
582 2884 618 2929 ex
633 2869 779 2931 aeternae
794 2865 881 2931 illius
896 2866 1038 2932 laetitiae
1052 2866 1214 2932 alacritate

90 2970 263 3049 profundet,
287 2970 381 3051 atque
404 2968 648 3037 obliuiscens
674 2988 716 3035 es
737 2989 834 3053 quae
857 2971 1082 3053 posteriora
1103 2977 1212 3054 sunt,

91 3072 117 3135 id
140 3074 188 3137 est
211 3070 350 3137 carnalia
369 3074 457 3151 uitia,
480 3074 525 3139 ad
548 3089 589 3137 ea
610 3091 708 3156 quae
729 3075 769 3139 in
792 3076 883 3139 ante
905 3076 997 3139 sunt
1018 3074 1214 3150 extendetur,

61 3174 144 3241 eboc
167 3177 215 3240 est
237 3176 392 3258 spiritalia
414 3176 496 3241 dona
517 3178 610 3258 atque
633 3176 776 3243 uirtutes.

129 3278 236 3344 VIIII.
261 3276 406 3343 Ceterum
429 3281 510 3362 quod
522 3279 615 3363 paulo
631 3284 703 3345 ante
721 3278 830 3345 dixisti
847 3283 879 3345 te
892 3279 988 3345 ctiam
1006 3281 1044 3345 de
1058 3279 1213 3344 industria

83 3382 323 3464 praeteritorum
369 3386 565 3465 peecatorum
606 3383 791 3448 memoriam
830 3386 1009 3463 retractare,
1048 3384 1107 3449 hoc
1146 3383 1213 3449 lieri

184 3568 431 3634 emersae
533 3568 771 3637 secessas
873 3569 1145 3638 ermeleno

90 3652 119 3705 11
135 3652 203 3724 aps.
221 3654 247 3721 e,
267 3654 298 3709 u
403 3654 436 3709 rc
454 3654 571 3711 mesu.
589 3655 633 3723 oe,
652 3656 687 3710 ro
789 3656 824 3711 aa
840 3655 912 3711 suu
930 3655 956 3721 a,
976 3656 1009 3710 re

136 3826 149 3878 l
173 3824 231 3895 qui]
249 3824 295 3879 cui
316 3824 360 3880 1³²
463 3824 587 3895 relegiosi
606 3826 675 3881 BK¹
779 3827 897 3898 subplici
913 3826 956 3881 Κ1
984 3828 1103 3896 supplice
1120 3826 1147 3881 Ζ

86 3908 322 3981 tpreepexeritO
410 3911 572 3969 ilibertate
591 3912 615 3969 O
705 3914 803 3982 bpost
819 3912 981 3969 recordabor
997 3913 1030 3968 ia
1047 3912 1106 3968 BF
1120 3918 1212 3982 cop&

88 3993 188 4065 incipit,
211 3998 243 4051 iss
268 3996 292 4054 0
313 4012 416 4053 raom
438 4004 490 4053 cat:
519 3998 634 4054 uidetur
657 3998 728 4055 vm
750 3997 867 4054 Meua
973 4014 1037 4067 ergo
1065 3998 1145 4069 θ’βυ

88 4080 298 4138 transcenderit
318 4082 384 4154 oco
481 4084 707 4154 ladeequiturd
806 4086 840 4139 12
857 4082 1042 4142 iheremian
1069 4083 1212 4141 hieremiae

88 4167 317 4239 prophetasset:
338 4156 686 4240 increpitationis
703 4176 776 4227 aaut
863 4173 896 4227 13
912 4170 1007 4241 inquid
1024 4171 1145 4230 loom

89 4251 117 4304 15
139 4256 261 4309 noxium·
283 4252 314 4309 F
415 4257 575 4325 sanguinem
594 4256 702 4313 noxium
720 4256 748 4311 B
852 4258 885 4311 16
906 4257 1034 4327 quieqmd
1051 4257 1144 4314 BOK²

88 4336 117 4391 ll
134 4342 236 4395 animae
254 4343 362 4397 nostrae
380 4340 474 4399 BFOs
504 4344 605 4399 uostris
622 4344 661 4414 βυ
765 4344 800 4399 21
817 4344 881 4414 non]
899 4360 947 4399 neo
963 4344 992 4400 B
1093 4344 1128 4400 23
1149 4362 1210 4415 pro·

88 4422 211 4496 lunditpi
