3092 4967
534 468 697 526 Conlatio
722 469 802 535 XIII,
819 468 896 527 5-6.
1218 470 1281 539 867

154 659 249 740 gratis
284 658 442 736 uenditor,
477 664 579 724 morte
605 676 667 724 non
696 674 794 725 emas.
830 659 955 723 constat
987 674 1060 741 ergo
1088 658 1160 724 illos
1188 676 1280 724 ueras

154 763 310 828 mutitatis
341 779 421 845 quas
442 780 460 827 a
481 764 570 829 uobis
601 762 756 845 expetitur
787 780 842 827 nee
871 761 1035 847 agnouisse
1059 764 1224 841 uirtutem,
1247 766 1280 827 et

154 865 220 931 ideo
244 866 322 931 satis
345 868 466 930 eertum
488 868 537 931 est
559 866 829 931 olraumoisionam
852 868 1001 947 nostram,
1019 865 1147 947 quaein
1163 866 1278 947 spiritu

154 969 209 1052 est,
230 982 291 1033 nou
315 986 404 1050 posse
426 968 488 1035 uisi
510 967 561 1035 dei
583 970 708 1034 tanturn
736 987 864 1033 munere
886 965 1039 1051 possideri
1061 969 1094 1034 et
1114 969 1163 1033 lnis
1177 969 1280 1034 inesse

132 1072 360 1149 ssolummodo‚
390 1072 445 1154 qui
474 1073 532 1137 <leo
560 1074 628 1138 totu
656 1073 785 1157 spiritus
807 1071 857 1137 sui
879 1072 1068 1137 contritione
1088 1072 1279 1137 deseruiuut.

195 1188 253 1256 VI.
284 1192 325 1257 Iit
353 1193 468 1259 ideireo
502 1194 577 1259 lieet
606 1194 639 1260 in
667 1194 787 1273 multis,
819 1194 916 1259 immo
944 1196 976 1259 in
1005 1194 1150 1260 omnibus
1179 1194 1281 1276 possit

151 1296 276 1361 ostendi
313 1314 436 1377 semper
472 1294 588 1361 auxilio
626 1294 675 1361 dei
712 1296 855 1361 homiues
891 1296 1032 1381 indigere
1063 1315 1122 1362 neo
1161 1298 1280 1379 aliquid

151 1398 322 1465 humanam
344 1398 551 1482 fragilitatem
574 1400 655 1482 quod
678 1398 717 1464 ad
740 1400 876 1464 salutem
899 1402 1037 1481 pertiuet
1050 1419 1106 1483 per
1121 1419 1154 1466 se
1169 1402 1280 1479 solem,

150 1504 182 1568 id
205 1508 254 1568 est
277 1503 343 1567 sine
366 1503 519 1569 adiutorio
549 1502 600 1568 dei
629 1520 718 1586 posse
740 1504 899 1586 perlicere,
922 1502 954 1567 in
977 1503 1063 1569 nullo
1086 1508 1192 1568 tamen
1216 1504 1282 1569 aui·

115 1604 279 1671 ardentius
302 1622 395 1688 quam
417 1606 449 1669 iu
480 1604 690 1688 adquisitione
713 1608 806 1688 atque
836 1606 977 1670 eustolia
999 1604 1155 1671 eastitatis
1178 1610 1282 1672 osten-

149 1708 248 1773 ditur.
293 1710 331 1773 ut
366 1707 450 1774 enim
486 1708 640 1791 tantisper
677 1710 715 1774 de
752 1708 946 1793 integritatis
990 1708 1058 1773 sins
1097 1706 1282 1775 difficultate

149 1810 326 1893 disputatio
361 1810 530 1893 differatur,
565 1812 604 1877 de
638 1812 854 1878 instrumentis
887 1812 955 1877 eins
984 1810 1123 1878 breuiter
1152 1813 1282 1877 Interim

149 1912 361 1997 disputemus.
397 1914 467 1998 quis
495 1914 674 1999 praeualeat
701 1934 814 1998 quaeso
842 1914 987 1998 quamuis
1017 1916 1140 1981 feruens
1168 1915 1313 1998 spiritua

147 2017 199 2081 uel
230 2018 405 2099 squalorem
434 2018 612 2083 solitudinIs
641 2020 692 2084 uel
721 2018 796 2083 sieei
824 2018 914 2102 panis
943 2035 1005 2084 nou
1029 2018 1129 2085 dinam
1152 2018 1282 2085 eotidla·

114 2138 224 2185 ranam
261 2120 403 2199 esuriem
436 2122 489 2186 sed
522 2122 625 2203 ipsam
657 2124 858 2186 saturitatem
886 2121 974 2187 nulla
1001 2121 1165 2187 hominnm
1192 2122 1283 2188 lande

147 2222 302 2288 suffultus
331 2224 396 2288 suis
424 2224 544 2288 uiribus
574 2226 749 2291 sustinere?
777 2225 846 2308 quis
870 2243 968 2306 aquae
990 2226 1174 2307 perpetuam
1195 2226 1283 2291 sitim

147 2328 220 2391 sine
244 2324 365 2391 domini
388 2326 596 2394 consolatione
618 2328 751 2393 tolerare
773 2326 926 2410 illumque
948 2328 1071 2393 daleam
1094 2347 1130 2394 ae
1148 2330 1283 2396 deleeta·

146 2431 248 2495 bilem
279 2432 471 2495 matutinum
500 2444 641 2514 soporem
669 2432 815 2496 humanis
841 2430 986 2497 taudare
1015 2432 1112 2496 oeulis
1140 2432 1173 2497 et
1198 2434 1284 2498 intra

145 2535 304 2598 tarmmos
331 2532 477 2598 horarum
506 2538 655 2617 quattuor
683 2552 808 2599 omnem
843 2534 958 2616 quietis
986 2534 1186 2601 refectionem
1214 2534 1283 2620 iugi

112 2636 251 2718 espessia
275 2636 343 2719 lege
366 2632 571 2701 oonolurlare?
597 2639 666 2719 quis
683 2635 911 2703 indesinentem
927 2637 1070 2703 lectionis
1085 2637 1282 2719 instantiam,

146 2742 219 2824 quis
258 2738 457 2805 inremissam
491 2741 591 2825 operis
620 2742 824 2807 sedulitatem
853 2740 976 2807 nullum
1004 2744 1177 2825 praesentis
1201 2740 1283 2808 lueri

146 2844 341 2909 oonmodnm
372 2845 501 2927 oaptaus
530 2844 645 2929 absque
672 2846 778 2929 gratia
799 2846 851 2910 dei
877 2844 998 2929 expiere
1019 2846 1182 2911 suffiunt?
1204 2848 1312 2929 quaeS

146 2950 259 3013 omnia
282 2946 366 3012 siout
386 2946 557 3013 deuderari
580 2966 599 3012 a
621 2948 712 3014 nobis
734 2948 850 3034 iugiter
869 2948 985 3032 absque
1000 2949 1108 3015 diuina
1123 2949 1281 3033 inspirati·

146 3068 203 3117 one
229 3064 294 3115 non
316 3050 456 3132 possunt,
479 3052 524 3115 ita
546 3068 604 3116 nee
625 3050 730 3135 perfiei
756 3052 883 3135 quidem
905 3052 971 3117 sine
987 3053 1055 3117 eins
1070 3052 1184 3118 anxflio
1199 3052 1282 3118 nlla·

112 3158 243 3220 ratenus
280 3155 407 3234 queunt.
444 3154 478 3217 et
506 3156 542 3217 ut
574 3152 651 3219 haee
682 3158 789 3222 eadem
818 3174 879 3219 non
907 3154 1006 3220 solum
1035 3155 1166 3239 probata
1194 3155 1283 3220 nobis

145 3254 364 3339 experientiae
386 3254 564 3338 disciplina,
588 3258 642 3323 sed
665 3261 760 3325 etiam
781 3258 876 3324 oertis
898 3257 1024 3324 indioiis
1041 3262 1072 3323 et
1087 3258 1282 3341 argumentis

145 3358 369 3425 manifestiora
391 3357 565 3437 reddamus,
588 3378 690 3427 nonne
712 3360 745 3425 iu
769 3361 881 3426 multis
903 3378 981 3444 quas
1002 3360 1123 3426 utiliter
1137 3365 1282 3443 optamus

145 3463 288 3546 inplere,
317 3480 387 3527 oum
417 3462 559 3529 deuouit
581 3464 692 3547 plenus
719 3468 810 3533 ardor
831 3482 870 3531 se
890 3464 1037 3531 uoluntas
1059 3464 1197 3547 perfecta
1218 3482 1280 3530 non

146 3566 241 3643 desit,
265 3566 470 3649 interpollans
492 3584 704 3652 quaeonmqus
734 3568 892 3654 fragilitas
909 3572 1013 3634 masat
1034 3573 1110 3634 uota
1131 3571 1281 3651 oonoepta

256 3738 293 3791 22
310 3752 379 3807 quae
396 3738 486 3793 omnia
498 3780 502 3791 .
514 3778 520 3793 .
533 3778 538 3791 .
549 3738 583 3795 25
601 3740 739 3795 ullatenus
757 3741 869 3811 queunt]
887 3740 1000 3810 Prosper
1017 3740 1044 3805 2,
1061 3742 1078 3797 3

201 3960 316 4015 Iernos
340 3962 380 4012 Σι
410 3962 445 4027 cf.
468 3962 559 4017 Iads'o.
578 3978 600 4017 s.
617 3980 645 4016 a.
664 3978 715 4015 nou
820 3978 881 4015 uera
904 3962 995 4014 ΣΠῬ
1094 3964 1200 4033 4nisi]
1225 3963 1283 4017 siue

147 4046 177 4097 II
276 4044 318 4099 dei
331 4048 436 4114 gratiae
454 4048 479 4099 'P
570 4048 609 4102 sla
627 4050 652 4099 ‘l'
743 4048 836 4101 lisam
854 4049 882 4100 Σ
976 4050 1009 4103 10
1026 4050 1117 4119 atque}
1135 4050 1169 4103 ad
1185 4050 1217 4101 II

148 4132 179 4185 ll
205 4130 342 4185 deffieult.
368 4132 405 4183 11¹
511 4132 682 4188 mperes
783 4134 816 4186 lo
837 4135 991 4187 esuri-seru
1013 4135 1043 4186 Π
1058 4138 1115 4202 (ent
1131 4141 1214 4199 aras.)

149 4217 181 4270 l'l
201 4216 247 4271 dei
269 4216 295 4267 1·
394 4217 521 4272 tolerarat
543 4220 568 4270 Τ
669 4218 919 4273 tamniensis*
1020 4220 1056 4275 20
1079 4226 1169 4289 posset
1192 4223 1218 4273 Τ

147 4318 183 4373 24
201 4336 253 4374 neo
272 4320 442 4385 ΣΟ’φΡν.ε
472 4311 515 4375 ue‘
531 4322 612 4390 Nm.
625 4326 652 4389 1)
682 4338 713 4376 ue
731 4323 825 4377 IIO¹o
909 4322 945 4378 25
963 4322 1012 4378 hae
1030 4326 1058 4375 Σ
1141 4326 1177 4378 al
1196 4327 1283 4380 mani·
1420 4312 1435 4343 ⁶

149 4405 265 4459 laetiore
282 4404 321 4456 11¹
425 4406 459 4460 29
477 4406 638 4478 fragilitatis
657 4408 686 4459 II
