3092 4967
302 431 365 500 630
693 434 855 490 Iohannis
872 433 1029 488 Cassiani

304 623 457 706 integram
487 623 656 706 suscipiens
685 622 896 688 substantiam
926 621 1029 688 carnis
1059 621 1213 688 humanae
1236 639 1298 686 ncn
1319 620 1422 705 ipsum

303 728 466 809 peccatum
489 727 521 792 in
543 745 588 804 aa,
609 726 662 792 sed
677 727 917 792 similitudinem
933 726 1056 809 peccati
1071 724 1241 808 suscepisse
1256 724 1422 790 credendus

272 828 361 894 test.
400 831 573 896 similitudo
595 831 679 896 enim
700 849 761 896 non
785 831 825 895 ad
848 831 948 896 carnis
969 829 1141 896 ueritatem
1163 828 1333 895 secundum
1352 846 1421 912 pra·

304 952 379 998 uum
413 939 606 1017 quorundum
639 935 868 1000 haereticorum
901 951 1036 1012 sensum,
1070 934 1125 1000 sed
1157 935 1195 1000 ad
1224 933 1343 1018 peccati
1375 933 1423 996 eat

303 1039 469 1122 imaginem
505 1037 671 1103 referenda.
709 1042 777 1103 erat
810 1039 894 1103 enim
927 1038 960 1103 in
990 1039 1056 1122 ipsc
1085 1056 1162 1104 uera
1191 1037 1318 1120 quidem
1344 1052 1453 1114 carus

304 1140 357 1204 sed
380 1139 495 1223 absque
517 1145 654 1224 peccate,
677 1141 793 1206 similis
815 1141 935 1208 scilicet
957 1142 1133 1225 peccatrici.
1169 1141 1249 1208 illud
1271 1141 1422 1224 siquidem

302 1239 340 1309 'ad
362 1243 516 1311 humanae
539 1245 732 1312 substantiae
754 1247 890 1328 pertinet
911 1247 1088 1324 ueritatem,
1113 1246 1171 1311 hec
1192 1261 1265 1309 uere
1288 1244 1329 1308 ad
1345 1243 1423 1308 uitia

271 1345 433 1414 3relcrtur
455 1348 488 1412 et
509 1367 622 1414 mores.
662 1348 795 1416 habetet
816 1349 1057 1416 similitudinem
1078 1350 1180 1416 carnis
1201 1350 1334 1432 peccati,
1352 1366 1423 1414 curn

301 1450 390 1516 uelut
411 1452 503 1518 lrcme
525 1454 651 1536 ignarus
674 1472 711 1519 ec
727 1473 784 1538 pre
799 1454 867 1520 cibo
883 1453 1036 1521 sellicitus
1058 1455 1306 1536 percontaretur:
1330 1455 1422 1535 quct

300 1571 421 1636 panes
450 1555 631 1622 habetis?
660 1557 715 1624 sed
745 1559 830 1624 sicut
857 1559 984 1642 peccate
1014 1577 1206 1641 nequaquam
1231 1575 1304 1622 carc
1325 1556 1452 1634 illidam

300 1657 348 1722 ita
375 1676 432 1724 uec
461 1659 567 1726 anima
595 1661 791 1744 ignorantiae
813 1661 1003 1728 subiacebat.
1041 1663 1174 1744 denique
1195 1661 1306 1726 statim
1327 1678 1421 1726 euan-

299 1763 412 1846 gelista
433 1763 608 1849 subiungit:
631 1765 702 1831 lnce
724 1769 861 1832 eutem
893 1765 1054 1834 dicebat
1083 1766 1199 1831 lesus
1219 1766 1422 1847 temptans

300 1883 377 1930 ecs:
400 1866 487 1950 ipse
510 1872 638 1934 eutem
662 1869 818 1934 sciebat
837 1870 932 1953 quid
953 1871 1260 1936 essetlacturus.
1289 1869 1422 1934 habetat

299 1987 422 2034 carnem
451 1969 588 2037 similem
617 1973 795 2053 peccatrici,
825 1993 896 2041 cum
927 1975 1015 2040 uelut
1043 1973 1153 2039 sitiens
1183 1971 1421 2038 adamantem

298 2071 429 2138 muliere
458 2077 598 2156 posceret
627 2076 745 2156 petum.
783 2075 838 2142 sed
867 2094 928 2143 nen
950 2082 1017 2144 erat
1038 2077 1159 2162 peccati
1180 2076 1269 2142 scrde
1290 2075 1450 2159 pellunt

298 2175 370 2258 quia
399 2195 417 2242 e
445 2179 599 2244 centrario
629 2179 744 2246 mulier
772 2186 942 2263 prcuccate
970 2185 1018 2247 est
1039 2185 1144 2265 petere
1167 2197 1280 2262 aquam
1304 2181 1418 2256 uiuam,

298 2297 375 2361 quae
405 2279 493 2346 illam
516 2301 686 2365 numquam
708 2283 798 2350 sitire
820 2285 1027 2368 permitteret,
1050 2285 1105 2352 sed
1126 2283 1215 2349 lieret
1236 2283 1267 2348 in
1292 2300 1331 2346 ea
1351 2281 1418 2346 fors

267 2378 394 2464 4aquue
428 2384 570 2452 salientis
599 2385 633 2452 in
667 2390 767 2454 uitam
805 2391 978 2456 aeternam.
1021 2387 1158 2454 habebat
1191 2389 1292 2452 carnis
1326 2385 1417 2451 istius

297 2485 470 2568 contamm,
501 2507 573 2555 cunr
600 2491 750 2558 dormiret
770 2491 804 2558 in
834 2495 919 2559 naui.
957 2493 1013 2560 sed
1035 2512 1074 2558 ne
1096 2491 1213 2575 pariter
1233 2491 1417 2574 nauigantes

297 2591 417 2670 peccati
439 2592 647 2660 similitudine
671 2595 866 2678 fallerentur,
889 2616 1058 2682 surgens
1080 2596 1313 2676 increpauit
1329 2609 1449 2658 nen-a

297 2695 360 2756 tos
382 2697 420 2758 et
441 2711 560 2778 mare,
585 2700 624 2762 et
646 2698 755 2763 facta
777 2703 839 2764 est
855 2699 1142 2783 tranquillitas
1159 2713 1311 2780 magna.
1345 2713 1416 2760 enn-

296 2795 384 2862 muni
418 2816 489 2863 cum
521 2800 664 2866 omnibus
693 2807 776 2868 sorte
806 2806 932 2885 peccate
964 2801 1109 2868 subditus
1138 2800 1316 2876 uidebatur,
1346 2817 1415 2863 cum

296 2897 448 2966 diceretur
472 2901 509 2967 de
530 2903 615 2986 ipsc:
647 2905 710 2970 hic
739 2906 850 2972 homo
873 2907 906 2971 si
936 2907 1041 2972 esset
1063 2905 1270 2987 propheta,
1292 2901 1416 2970 sciret

296 3001 436 3084 utique
457 3023 555 3087 quae
577 3010 614 3072 et
636 3010 771 3091 qualis
801 3010 948 3077 mulier
978 3010 1164 3093 tetigerit
1187 3007 1305 3090 pedes
1325 3003 1414 3069 eius.

295 3105 350 3170 sed
371 3107 490 3189 peccati
512 3128 573 3175 non
596 3109 706 3176 necuit
728 3114 906 3192 ueritatem,
937 3114 1011 3195 quia
1031 3111 1249 3195 blasphemam
1271 3106 1445 3192 cogitati-e

294 3225 384 3275 onem
421 3229 555 3296 arguens
588 3213 751 3282 Pharisaei
787 3217 896 3282 statim
941 3215 1085 3281 mulieris
1121 3215 1250 3297 psum
1284 3208 1416 3275 dimisit.

265 3308 497 3392 dpeccatricem
522 3333 593 3382 cnm
615 3319 728 3382 ceteris
751 3337 875 3383 carnem
900 3336 1008 3404 gerere
1030 3316 1213 3400 putabatur,
1235 3333 1306 3380 cum
1329 3311 1415 3376 uelut

232 3443 236 3458 ·
295 3415 385 3480 homo
400 3418 433 3482 in
450 3421 558 3483 mortis
575 3419 755 3485 discrimine
778 3422 969 3487 constitutus
984 3424 1017 3486 et
1030 3420 1255 3485 inminentium
1270 3411 1412 3500 supplici·

295 3536 383 3584 crum
414 3524 532 3587 terrore
561 3523 725 3606 perculsus
754 3527 872 3591 oraret:
903 3525 1031 3608 pater,
1061 3526 1092 3589 sl
1122 3520 1410 3607 poenituerat,

395 3743 618 3809 warewit
723 3745 920 3811 latonas
1023 3746 1058 3802 14
1083 3746 1117 3801 ci.
1136 3745 1194 3802 1011.
1217 3744 1346 3812 4,qu-

293 3827 490 3895 &Odit-Md
592 3829 801 3898 anducate
899 3831 1111 3896 tantuma

342 4030 361 4085 4
387 4030 563 4086 hereticorum
590 4033 667 4090 cedd.
771 4035 790 4089 9
815 4037 1033 4104 percunctaretur
1059 4035 1126 4090 ΚΖ·
1228 4034 1301 4104 quod
1325 4031 1347 4088 0

292 4115 326 4170 13
343 4131 404 4170 enm
420 4115 460 4186 da
546 4119 604 4187 ipse
620 4121 721 4192 sutem]
739 4119 798 4189 ipse
814 4121 887 4175 euim
904 4121 945 4190 ῥυ
962 4127 989 4176 ct
1007 4121 1084 4191 Varla.
1171 4120 1204 4176 14
1221 4120 1302 4174 uelud
1318 4117 1346 4173 Β

293 4203 324 4257 rr
342 4203 427 4274 ruem]
447 4203 496 4258 rra
512 4203 544 4258 re
641 4205 676 4259 sc
693 4207 782 4276 quus
800 4207 926 4278 esrom
954 4208 1044 4276 quali·
1061 4209 1103 4261 ae
1120 4205 1160 4262 pn
1261 4205 1296 4260 at
1311 4200 1408 4272 prust·
1519 4230 1520 4247 r

290 4289 318 4343 B
345 4288 423 4344 blasi.
442 4289 474 4344 K
496 4289 707 4348 blaiemiamO
762 4291 827 4370 Ι26
845 4293 935 4349 tertul
953 4293 986 4348 K
1068 4293 1220 4348 mulieriO
1303 4289 1334 4344 dl
1351 4301 1408 4342 tum
1519 4292 1520 4349 l

192 4403 195 4410 ·
290 4381 355 4430 ante
373 4377 468 4432 ceteris
486 4393 538 4452 ons.
557 4377 588 4434 F
1519 4380 1520 4411 ¹
