3092 4967
271 420 337 486 488
664 414 831 469 Iohannis
852 411 1009 469 Cassiani

271 607 389 674 latione
416 606 558 689 proferri,
582 604 641 670 sub
666 606 798 672 aliorum
828 603 971 668 sotebant
994 602 1133 670 colorare
1154 601 1304 684 personis,
1326 601 1397 683 quid

273 710 361 775 aliud
383 727 548 793 possumus
571 727 666 791 qnam
689 711 832 792 apertum
848 723 942 788 super
956 706 1005 770 bis
1028 706 1165 772 iudicare
1183 705 1400 770 mendacium?

242 814 369 896 batque
391 813 514 878 utinam
536 831 593 878 nos
615 829 736 895 quoqne
759 810 890 893 dignum
912 808 1032 891 aliquid
1054 807 1240 874 haberemus
1264 806 1344 889 quod
1362 807 1400 872 ed

271 916 468 983 incitandam
496 915 591 982 iidem
617 915 748 998 proponi
775 913 948 978 iunioribus
975 913 1090 994 possiti
1115 913 1251 995 protecto
1275 911 1399 976 minime

275 1038 452 1086 ueneremur
473 1017 689 1084 huiuscemodi
712 1019 839 1082 illorum
861 1015 1011 1099 figmenta
1033 1018 1154 1080 sectari.
1180 1015 1298 1080 rectius
1321 1015 1431 1080 enimn

273 1126 324 1189 eet
355 1121 414 1188 sub
448 1121 522 1188 talis
554 1121 672 1206 tigurae
706 1121 808 1184 colore
843 1119 969 1184 mentiri
998 1135 1092 1200 quum
1119 1137 1174 1201 pro
1204 1117 1401 1184 obseruantia

274 1226 506 1293 inrationabilis
529 1225 621 1291 istius
650 1225 794 1288 ueritatis
817 1227 871 1287 unt
901 1241 937 1287 ea
958 1239 1037 1304 quae
1060 1223 1221 1287 audientes
1244 1221 1401 1288 nedidcere

273 1333 444 1416 potnerunt
471 1329 645 1411 incongrua
671 1325 889 1392 taciturnitate
920 1327 1084 1409 contegere
1106 1329 1162 1392 aut
1191 1325 1217 1392 si
1240 1343 1276 1390 ex
1298 1329 1401 1390 nostro
1517 1331 1518 1376 ἑ

274 1451 406 1518 persona
447 1432 603 1498 ueraciter
646 1431 845 1513 proferentur
888 1429 1072 1494 tentantium
1109 1427 1216 1496 noxiae
1254 1429 1401 1494 nouitatis

246 1539 440 1604 3incurrere.
478 1539 517 1602 ad
541 1535 623 1618 quod
646 1535 742 1601 etiam
764 1551 820 1598 nos
848 1534 1029 1618 magisterio
1052 1551 1107 1599 sno
1129 1532 1237 1600 doctor
1260 1534 1432 1617 gentiumne

277 1641 441 1706 euidenter
472 1639 624 1714 instituit,
655 1638 709 1720 qui
738 1637 964 1702 reuelationum
995 1654 1122 1702 suarum
1153 1636 1401 1719 magnitudinem

277 1763 314 1809 ex
342 1742 474 1808 alterins
503 1742 616 1807 maluit
645 1742 783 1825 proferre
806 1758 937 1822 persona
961 1742 1079 1806 dicens:
1104 1739 1187 1806 scio
1210 1740 1401 1806 hominem

276 1849 317 1913 in
343 1846 518 1924 Christo,
550 1847 638 1910 sine
666 1844 705 1909 in
735 1861 898 1927 oorpore
926 1844 1011 1910 sine
1040 1845 1149 1912 extra
1177 1861 1319 1927 corpus
1346 1861 1401 1908 ns·

276 1951 375 2031 scio,
405 1951 498 2015 deus
529 1949 621 2026 scit,
650 1952 805 2031 raptum
836 1965 959 2030 usque
989 1951 1033 2014 ad
1055 1948 1224 2014 tertium
1246 1948 1401 2016 cnelnrn.

277 2056 318 2119 et
354 2055 433 2118 scio
470 2051 692 2118 huiusmodi
726 2051 938 2132 hominem,
976 2051 1068 2133 quia
1104 2053 1242 2134 raptus
1276 2057 1336 2120 ost
1367 2051 1432 2116 inu

276 2154 463 2239 peradiso
496 2155 534 2218 et
567 2153 725 2220 audiuit
757 2153 995 2220 ineffabilia
1029 2153 1165 2232 uerba,
1201 2171 1298 2235 quae
1331 2173 1401 2219 non

275 2257 372 2324 licet
393 2256 545 2322 homini
568 2257 687 2339 loqui.

320 2376 420 2442 XXV.
453 2377 641 2460 Inpossibfle
673 2376 762 2444 nobis
793 2379 842 2442 est
871 2377 1009 2443 breuiter
1042 2381 1190 2444 uniuersa
1220 2395 1401 2462 percurrere.

277 2484 348 2565 quin
371 2481 486 2546 etenim
503 2499 685 2546 enumerare
700 2480 836 2545 sufficiat
855 2499 962 2545 omnes
977 2482 1201 2564 propemodum
1216 2481 1400 2566 patriarchae
1516 2563 1517 2566 Ἴ

278 2587 463 2666 nunciusque
491 2582 746 2661 innumerubilos,
777 2583 856 2648 alios
878 2601 934 2667 pro
957 2584 1043 2648 uitae
1067 2583 1232 2661 tutemine,
1255 2584 1330 2650 aiios
1352 2601 1432 2667 prore
1516 2595 1517 2640 ὲ

278 2687 505 2754 benedictionis
535 2687 696 2767 desiderio,
727 2688 804 2753 alios
833 2704 887 2770 pro
918 2687 1139 2772 misericordia,
1172 2687 1249 2760 elios
1273 2702 1327 2771 pro
1347 2689 1400 2754 ali·

278 2791 370 2857 cuius
392 2789 598 2858 occultatione
613 2792 765 2875 mysterii,
783 2791 861 2858 aiios
876 2809 931 2873 pro
947 2791 1013 2858 neto
1029 2790 1090 2873 dei,
1106 2791 1183 2857 elios
1198 2809 1254 2875 pro
1270 2793 1401 2860 examine
1516 2797 1517 2846 1

280 2893 424 2960 ueritatis
455 2896 663 2976 patrocinium
694 2899 729 2958 ut
760 2894 805 2960 itu
834 2895 965 2960 dixerim
995 2895 1209 2978 adsumpsisse
1231 2895 1402 2962 mendacii?
1516 2907 1517 2940 ³

279 3016 358 3082 quae
391 2996 473 3062 sicut
506 2998 682 3062 enumerari
717 2999 829 3064 cuncta
862 3016 923 3064 non
955 3003 1096 3080 possunt,
1127 2999 1173 3065 itu
1201 3000 1401 3082 praetermitti

249 3099 405 3184 apericus
442 3101 587 3166 uniuersa
623 3118 684 3166 non
710 3101 843 3175 debent.
888 3121 961 3168 num
999 3101 1128 3168 beutum
1166 3101 1278 3183 Ioseph
1311 3102 1431 3184 pietrss

279 3205 431 3287 conpulit,
463 3207 498 3270 ut
527 3204 643 3271 fulsum
669 3204 822 3270 fretribue
844 3205 964 3273 crimen
987 3203 1086 3272 ctiam
1107 3220 1179 3272 cum
1201 3203 1401 3272 obtestatione

279 3308 387 3390 regiae
431 3308 543 3384 salutis
586 3307 765 3390 inpingeret
808 3307 931 3374 dicens:
977 3310 1252 3391 exploratores
1293 3311 1401 3376 estis:

279 3410 513 3481 infirmiora
543 3413 676 3476 terrae
704 3411 878 3476 uenistis
908 3411 1125 3494 inspicere,
1156 3416 1187 3480 et
1209 3412 1292 3480 inira
1323 3413 1400 3480 mit·

285 3695 370 3785 '14ss
387 3634 418 3687 12
442 3633 471 3689 11
489 3633 549 3690 Gor.
574 3635 616 3700 12,
632 3634 702 3690 2-4
805 3635 836 3688 21
863 3633 929 3690 Gen.
951 3634 993 3700 42,
1012 3636 1029 3690 9
1048 3633 1142 3702 (Lxx)
1246 3631 1401 3690 1811116

281 3725 291 3787 t
369 3728 381 3789 1

333 3926 515 3982 2diindicare
532 3929 558 3979 1·
646 3923 769 3995 4ροεαο1
787 3925 865 3980 ΠΟυ
957 3925 1135 3994 8potuerent
1153 3927 1232 3982 H'Po
1323 3925 1403 3980 dieo·

282 4015 373 4068 tanda
389 4014 468 4068 noxie
484 4013 615 4067 nouitatis
633 4026 756 4067 enarrare
773 4013 800 4064 11
911 4011 944 4066 10
968 4028 1016 4066 nos
1039 4013 1122 4065 etium
1146 4011 1195 4064 1Ὀ
1300 4011 1331 4065 12
1351 4025 1402 4079 per
1515 4061 1516 4092 ἦ

282 4115 374 4156 eonem
391 4101 420 4152 Σ
524 4099 556 4154 13
573 4103 649 4153 extra
666 4115 775 4168 corpore
792 4101 831 4150 Π·
938 4100 971 4152 14
989 4099 1052 4152 iecit
1070 4099 1097 4150 Σ
1202 4097 1237 4152 15
1254 4098 1299 4166 qni
1317 4097 1344 4148 Σ
1515 4117 1516 4158 ,

284 4187 317 4241 16
333 4185 466 4256 peradyeo
485 4186 512 4236 Σ
540 4183 691 4253 paradisum
711 4189 756 4240 ‘Po
847 4186 880 4238 18
896 4185 975 4240 narn
994 4183 1134 4239 distinctio
1152 4185 1184 4238 ire
1202 4185 1229 4235 'P
1310 4181 1343 4234 22
1359 4179 1402 4232 rni-

282 4271 466 4327 omninno
550 4270 749 4325 examinatione
765 4273 795 4322 Π
799 4289 815 4326 υ
841 4269 1003 4325 exunimeO
1087 4269 1340 4324 nomenniomen
1363 4263 1403 4318 sd-

283 4359 409 4412 snmeinse
427 4357 453 4409 0
555 4357 590 4410 26
607 4357 790 4411 obstinatione
807 4359 836 4408 Π
