3092 4967
487 449 647 507 Conlatio
670 449 776 520 XXIII,
798 454 874 512 2-4.
1180 457 1243 522 643

111 645 244 726 ualde,
267 643 455 708 etiterum:
487 642 679 710 uniuersa
709 661 806 725 quae
836 642 935 709 fecit
963 647 1058 709 deus
1080 644 1179 710 bona
1201 645 1242 712 in

111 752 286 832 tompore
320 749 413 812 suo?
449 744 525 812 haec
558 746 656 828 igitur
688 747 829 829 quaein
858 750 1016 829 praesenti
1048 765 1109 812 non
1138 749 1272 814 solunt
1362 756 1366 766 '

111 855 196 919 bona
224 850 422 933 simpliciter,
453 867 564 914 uerum
594 851 690 914 etiam
717 867 789 915 cum
812 851 1024 916 additamento
1047 850 1138 914 ualde
1159 850 1242 918 bona

111 955 357 1037 pronuntiantur
382 953 469 1036 (sunt
484 955 567 1018 enim
583 973 615 1019 re
630 972 705 1020 uera
724 957 758 1020 in
773 954 831 1020 boc
844 955 961 1020 mundo
977 955 1241 1022 commorantibus

88 1059 203 1126 euobis
235 1057 352 1123 autad
381 1075 473 1124 osum
502 1057 588 1124 uitae
615 1059 733 1123 autad
757 1058 892 1140 corporis
913 1058 1103 1123 morticinam
1124 1063 1180 1124 aut
1201 1061 1241 1126 ad

110 1164 253 1246 aliquam
284 1179 411 1226 causam
432 1161 558 1244 ignotas
580 1161 668 1226 nobis
691 1159 841 1227 utilitatis
864 1161 1065 1229 adcommoda
1085 1161 1137 1227 uel
1158 1165 1241 1230 certe

109 1270 144 1334 iu
168 1285 204 1333 eo
226 1267 322 1332 otiam
343 1265 437 1332 ualde
459 1263 550 1342 bonu,
583 1264 664 1346 quod
686 1263 808 1330 faciunt
839 1282 896 1328 nos
923 1265 1157 1331 inuisibilia
1178 1265 1241 1330 dei

113 1387 133 1434 a
157 1370 340 1434 creatura
362 1368 498 1434 muudi
520 1385 588 1449 per
610 1387 650 1432 ea
673 1385 768 1449 qnae
791 1367 1012 1434 factasunt
1033 1367 1242 1434 intellecta

110 1473 361 1556 conspicere,
384 1470 669 1554 sempiternam
700 1487 852 1554 quoquo
873 1472 1067 1538 uirtutem
1088 1473 1173 1536 eius
1196 1490 1241 1537 ao

75 1575 374 1644 rcdiuinitatem
406 1593 443 1638 er
473 1574 563 1640 taum
591 1575 717 1655 tamquo
747 1573 893 1640 ordinata
921 1574 1083 1640 molitione
1104 1572 1240 1640 fabricae

107 1677 283 1744 mundialis
300 1682 331 1744 et
349 1679 490 1744 omnium
504 1695 583 1760 quae
597 1678 631 1743 in
646 1679 771 1742 essunt
787 1677 994 1744 subsistentia
1008 1678 1239 1760 contemplari),

107 1780 190 1847 haec
219 1788 325 1848 tamen
355 1782 458 1846 omnia
489 1799 544 1846 neo
573 1781 646 1846 boui
676 1798 789 1846 nomon
817 1779 983 1858 tenebunt,
1009 1780 1037 1846 si
1059 1781 1166 1846 tuturo
1188 1780 1240 1846 illi

108 1886 237 1950 saeculo
266 1887 480 1968 conparentur,
511 1883 566 1948 ubi
595 1882 683 1948 nulla
707 1885 860 1950 bonorum
881 1884 1060 1962 inmutatio,
1083 1884 1169 1949 nulla
1191 1886 1241 1950 est

107 2005 207 2054 nerse
244 1987 448 2054 beatitudinis
485 1985 681 2052 formidanda
717 1988 884 2069 corruptio.
929 1986 1019 2052 cuius
1052 1986 1162 2052 mundi
1194 1985 1271 2052 itas

74 2091 274 2158 abeatitudo
306 2091 508 2157 describitur:
540 2089 620 2155 erit
649 2091 716 2156 lun
750 2091 867 2156 lunae
893 2092 1001 2156 sicut
1028 2091 1093 2156 lux
1123 2092 1239 2166 solis,

110 2196 154 2260 et
177 2196 244 2260 lun
259 2191 360 2260 solis
376 2191 694 2276 septempliciter
709 2192 815 2260 sicut
835 2193 1064 2275 lnxsoptem
1078 2194 1240 2262 dierum.

111 2315 231 2382 magna
252 2297 352 2378 igitur
374 2296 449 2362 baec
464 2297 496 2360 st
510 2296 670 2379 praeclara
690 2295 809 2360 iutuitu
824 2298 919 2378 atque
933 2296 1066 2362 mirifica
1079 2297 1107 2361 si
1123 2296 1238 2362 futuris

110 2420 148 2467 ex
163 2401 225 2467 fide
240 2398 499 2484 promissionibus
514 2398 722 2476 conferantur,
742 2400 888 2465 continno
903 2401 1029 2465 uanitas
1043 2399 1240 2480 apparebunt

109 2505 237 2571 dicente
259 2503 382 2569 Dauid:
405 2503 530 2568 omniu
551 2506 655 2566 siout
676 2501 965 2567 uestimentum
980 2505 1239 2567 deterescent

76 2612 151 2676 eost
182 2605 293 2672 sicut
321 2605 567 2687 opertorium
596 2606 767 2670 mutabis
797 2623 856 2682 ea,
889 2609 926 2670 et
958 2603 1237 2668 mutabuntur:

112 2715 160 2776 tu
192 2711 322 2775 nutem
350 2708 453 2772 idem
482 2706 567 2788 ipss
591 2725 644 2784 os,
674 2709 714 2771 et
737 2706 831 2772 anni
853 2706 914 2771 tui
938 2725 1013 2771 uon
1033 2705 1239 2772 deficient

108 2833 185 2899 ergo
208 2811 284 2895 quia
305 2811 385 2877 nihil
407 2815 454 2876 ost
477 2797 780 2892 persemetipsum
802 2809 925 2890 stabile,
948 2810 1028 2874 nihil
1042 2809 1239 2886 inmutabile,

108 2917 193 2984 nibil
222 2917 337 2982 bouum
367 2913 431 2980 nisi
462 2912 563 2980 deitas
584 2914 661 2993 sola,
684 2913 787 2980 omnis
809 2931 883 2978 uero
906 2917 1057 2995 creatura,
1078 2914 1116 2978 ut
1135 2912 1238 2978 benn-

108 3020 256 3086 tudinsm
285 3015 481 3084 aeternitatis
511 3017 563 3082 nsl
592 3016 855 3083 inmutabilitatis
884 3016 1055 3094 obtineant
1089 3033 1152 3080 nou
1176 3015 1235 3080 hoc

75 3143 168 3206 seper
198 3141 287 3188 snam
318 3124 471 3198 naturam,
492 3123 545 3188 sed
573 3139 628 3202 per
658 3121 807 3186 creatoris
834 3123 884 3187 sui
908 3119 1184 3203 participationem
1206 3120 1238 3184 et

108 3227 248 3312 gratiam
278 3226 517 3308 consequuntur,
547 3228 653 3288 tenere
681 3223 831 3290 meritum
853 3222 1005 3289 bonitatis
1027 3221 1159 3287 creatori
1181 3237 1237 3285 suo

110 3333 237 3398 conlata
258 3346 320 3394 non
341 3329 482 3412 possunt

152 3450 231 3516 1111.
255 3447 372 3528 Quodsi
394 3447 490 3512 etiam
512 3446 780 3513 manifestioribus
810 3445 910 3512 adhuc
932 3445 1122 3510 testimoniis
1145 3443 1238 3507 huius

109 3551 288 3619 sententiae
310 3551 466 3616 rationem
488 3550 680 3616 uoluerimus
709 3549 881 3631 adstruere,
911 3547 1013 3612 nonno
1043 3565 1114 3612 cum
1136 3546 1239 3611 multu

76 3655 309 3742 nprouuntiari
336 3657 417 3721 bona
446 3653 480 3718 in
510 3653 673 3738 euangelio
703 3653 882 3734 legerimus,
910 3654 941 3716 st
962 3649 1103 3716 arborem
1126 3650 1236 3713 bonam

218 3860 233 3912 1
252 3857 304 3911 sn.
321 3857 363 3921 ee,
384 3857 416 3912 rc
434 3854 529 3924 (cxx)
630 3855 645 3910 r
664 3855 740 3908 nom.
760 3855 784 3918 1,
801 3853 836 3908 ao
935 3852 968 3906 ru
986 3852 1055 3907 nso.
1075 3852 1119 3920 eo,
1136 3851 1171 3906 so

112 3946 144 3999 19
164 3943 209 3998 r..
230 3941 288 4008 ro1,
305 3941 409 3996 nr-ra

163 4129 277 4184 bnobis
294 4133 326 4184 ut
344 4128 384 4182 Κι
414 4127 492 4182 uobis
509 4129 550 4184 ait
567 4128 604 4182 Z·
707 4125 947 4184 badconmodaO
1049 4127 1066 4180 9
1086 4127 1237 4194 conspicere

111 4214 184 4271 etO
270 4215 301 4269 11
321 4214 409 4268 omnia
425 4212 457 4267 F
541 4213 574 4268 18
591 4213 841 4283 repromissionibus
857 4212 936 4282 0²ds
1022 4211 1057 4266 20
1070 4211 1237 4280 oporturiurn

111 4303 149 4356 B¹
253 4299 287 4356 23
311 4315 402 4355 omnes
426 4315 489 4354 uero
507 4302 644 4356 menturae
669 4298 736 4369 Otto
838 4298 873 4354 26
895 4299 1073 4354 consecuntur
1098 4296 1122 4352 0
1147 4311 1238 4352 couse-

112 4389 229 4458 quantur
248 4385 265 4454 β
366 4385 399 4440 27
420 4386 541 4441 conlatas
557 4385 641 4454 B’(o)

951 4469 955 4478 '
1078 4487 1134 4540 41s
