3092 4967
524 452 684 507 conlatio
708 452 746 520 11,
763 453 840 507 4-e.
1202 454 1248 518 45

113 659 169 725 pro
200 640 415 708 anniuersario
443 640 654 707 sollemnitate
682 642 714 705 in
741 640 872 706 ecclesia
893 642 1057 706 retentatis
1080 641 1166 705 solus
1189 658 1248 705 nou

114 749 241 828 poterat
265 744 437 829 adgregari,
460 764 497 810 ne
520 742 842 827 quantulumcumque
863 746 1058 827 perceptione
1081 744 1249 827 leguminis

114 850 205 930 parui
230 868 250 913 a
272 868 329 914 suo
349 848 509 914 uideretur
530 848 687 931 proposito
718 848 879 913 relaxasse.
917 866 978 930 qua
1000 849 1249 930 praesumptione
1290 848 1302 918 ¹,

114 953 264 1034 deceptus
295 952 439 1036 angelum
469 950 602 1018 Satanae
631 952 719 1017 uelut
746 952 894 1034 angelum
923 952 1002 1016 lucis
1032 969 1102 1015 cum
1126 968 1249 1015 summa

94 1056 315 1121 eueneratione
359 1056 530 1137 suscipiens
576 1056 700 1138 eiusque
741 1055 913 1138 praeceptis
949 1072 1044 1136 prono
1081 1052 1248 1118 oboediens
1301 1047 1303 1060 '

116 1159 275 1224 famulatu
298 1158 396 1226 semet
419 1158 519 1241 ipsum
543 1159 576 1223 in
599 1162 739 1243 puteum,
766 1160 854 1223 cuius
875 1158 1122 1241 profunditatem
1143 1157 1249 1221 oculo-

115 1280 184 1327 mm
209 1280 274 1327 non
287 1261 436 1345 adtingit
456 1262 602 1343 intuitus,
625 1263 825 1343 praecipitem
849 1260 943 1344 dedit,
960 1263 998 1325 de
1014 1261 1117 1342 angeli
1133 1258 1249 1323 uideli-

115 1369 164 1431 eet
188 1366 240 1431 sui
263 1367 425 1447 sponsione
448 1383 508 1429 nou
531 1364 685 1442 dubitans,
710 1364 762 1446 qni
786 1382 858 1428 eum
880 1382 936 1447 pro
959 1365 1069 1428 merito
1092 1362 1249 1426 uirtutum

115 1488 150 1533 aa
184 1468 330 1533 laborum
367 1486 494 1532 suomm
530 1486 723 1551 nequaquam
757 1486 847 1550 posse
879 1467 1060 1531 firmauerat
1094 1464 1152 1529 ulli
1185 1468 1250 1530 iam

85 1596 108 1636 xo
116 1570 295 1637 discrimini
327 1571 495 1637 subiacere.
536 1572 622 1635 cuius
657 1571 703 1634 rei
736 1571 827 1635 fidem
860 1573 898 1634 ut
932 1570 1142 1653 experimento
1174 1586 1249 1633 suae
1258 1564 1283 1637 4.

116 1674 281 1757 sospitatis
305 1674 536 1739 euidentissime
560 1672 773 1755 conprobaret,
790 1691 884 1755 supra
899 1672 982 1737 dioto
997 1690 1031 1737 se
1046 1677 1140 1756 puteo
1157 1672 1248 1736 noete

116 1778 310 1859 intempesta
332 1778 450 1842 inlusus
472 1776 590 1860 iniecit,
614 1793 762 1859 magnum
785 1774 907 1841 scilicet
922 1777 1049 1841 uirtutis
1066 1792 1139 1841 suae
1154 1776 1248 1839 meri·

117 1884 188 1944 tum
211 1878 410 1963 probaturus,
434 1898 505 1945 cum
527 1879 600 1943 inde
622 1878 734 1944 exisset
756 1879 900 1943 inlaesus.
936 1878 973 1943 de
989 1896 1137 1961 quocum
1153 1896 1249 1959 paene

117 1983 183 2048 iam
207 1983 371 2066 exsanguis
393 1982 512 2063 ingenti
535 1981 669 2045 fratrum
696 1981 800 2045 labore
827 1980 939 2045 inisset
961 1983 1126 2058 extractus,
1148 1981 1248 2047 uitam

88 2085 168 2155 sdic
195 2084 293 2150 tertia
321 2084 476 2162 finiturus,
510 2083 591 2166 quod
620 2084 669 2149 his
695 2083 831 2149 deterius
854 2088 911 2162 est,
934 2084 981 2149 ita
1002 2086 1036 2146 iu
1058 2084 1248 2165 deceptionis

120 2206 192 2253 suae
229 2187 436 2252 obstinatione
469 2187 651 2270 permensit,
686 2191 721 2250 ut
754 2188 783 2251 ei
813 2204 851 2251 ne
880 2187 1090 2268 experimento
1124 2186 1249 2269 quidam

120 2290 232 2355 mortis
254 2309 327 2355 suae
349 2291 485 2371 potuerit
508 2289 696 2371 persuaderi,
720 2290 803 2371 quod
825 2288 936 2354 fuisset
958 2290 1144 2354 daemonum
1159 2288 1249 2353 ealli-

122 2394 220 2460 ditate
242 2393 378 2459 delusus.
415 2392 615 2474 quamobrem
643 2409 698 2473 pro
729 2391 849 2456 meritis
871 2390 1012 2457 laborum
1035 2394 1195 2457 tantorum
1217 2392 1279 2459 etb

122 2514 273 2561 annorum
296 2496 518 2561 numerositate
541 2514 602 2578 qua
621 2496 653 2560 iu
670 2498 794 2561 heremo
816 2494 998 2578 perdurauit
1011 2494 1070 2561 hoo
1091 2494 1249 2559 miserati·

91 2620 177 2666 roone
212 2604 247 2666 et
282 2602 479 2667 humanitate
512 2620 635 2668 summa
666 2603 705 2667 ab
733 2601 784 2667 his
813 2604 866 2683 qui
894 2600 960 2664 eius
994 2597 1248 2679 conpatiebantur

123 2705 213 2770 exitio
238 2704 292 2769 uix
314 2723 334 2769 a
355 2706 532 2789 presbytero
555 2704 667 2771 abbate
686 2704 832 2771 Painutio
854 2702 958 2785 potuit
974 2700 1119 2783 obtineri,
1136 2704 1172 2765 ut
1188 2718 1249 2764 nou

122 2806 205 2871 inter
228 2806 424 2873 biothanatos
446 2808 608 2889 reputatus
635 2808 733 2871 etiam
760 2806 912 2871 memoria
937 2809 970 2869 et
991 2804 1150 2870 oblatione
1171 2822 1249 2885 pau·

122 2912 261 2975 santium
283 2908 474 2976 iudicaretur
494 2910 651 2991 indiguus.

162 3030 220 3095 VI.
250 3028 332 3109 Quid
361 3030 462 3095 dicam
490 3029 527 3094 de
555 3028 621 3095 illis
649 3028 768 3093 duobus
798 3026 958 3103 fratribus,
987 3026 1041 3110 qui
1072 3045 1143 3091 cum
1165 3026 1251 3090 ultra

89 3132 211 3203 seillam
227 3133 388 3197 heremum
404 3132 589 3209 Thebaidos,
605 3128 660 3196 ubi
675 3130 832 3214 quondam
846 3130 948 3196 fuerat
960 3132 1068 3195 beatus
1081 3130 1249 3211 Antonius,

123 3235 314 3318 habitarent,
337 3237 440 3301 minus
463 3238 555 3300 cauta
578 3236 763 3300 discretione
785 3233 918 3315 permoti
940 3236 1050 3297 euntes
1071 3251 1126 3314 per
1142 3232 1248 3294 exten·

122 3340 187 3403 tam
210 3332 392 3403 solitudinis
414 3340 596 3403 uastitatem
612 3338 733 3402 nullam
749 3354 850 3401 escam
864 3336 988 3417 penitus
1002 3353 1125 3399 sumere
1141 3336 1247 3397 deere-

125 3446 248 3520 uerunt,
273 3443 334 3506 nisi
357 3459 450 3523 quam
472 3457 528 3522 per
551 3444 650 3505 semet
672 3441 776 3521 ipsum
790 3439 855 3503 illis
871 3438 1014 3502 domiuus
1030 3434 1248 3518 praestitisset.

124 3560 258 3626 cumque
287 3549 423 3626 errantes
456 3562 506 3609 eos
533 3562 587 3627 per
614 3546 735 3609 deserta
764 3542 797 3606 et
824 3541 1003 3606 deficientes
1032 3540 1097 3604 iam
1125 3538 1208 3603 fame
1230 3542 1280 3607 a2

92 3647 213 3729 solonge
230 3644 362 3711 Mazices
378 3647 608 3730 conspexissent
624 3644 715 3729 (quae
729 3662 806 3727 gens
823 3642 943 3708 eunctis
959 3661 1055 3728 paene
1070 3640 1247 3707 nationibus

125 3749 198 3815 feris
221 3750 379 3815 inmanior
399 3754 491 3833 atque
515 3748 669 3815 crudelior
691 3750 756 3813 est:
773 3746 932 3812 nonenim
948 3744 1249 3811 eosadeifusionem

226 3903 245 3957 4
265 3903 301 3959 ci.
319 3902 349 3958 11
366 3902 426 3957 Gor.
444 3903 484 3967 11,
505 3902 538 3956 14

178 4040 414 4108 leollempnitate
433 4040 471 4094 W
560 4038 808 4108 2quantulumque
825 4036 867 4091 1)ί
960 4032 1184 4104 151116](1611)1

129 4126 159 4181 17
176 4125 277 4196 poterit
294 4126 325 4179 D
427 4124 568 4180 demonum
586 4124 646 4179 DX
751 4124 784 4177 18
807 4122 971 4193 quanobrem
994 4121 1034 4174 12¹
1139 4119 1172 4172 19
1197 4123 1252 4186 qua

128 4210 167 4265 1)ι
254 4212 358 4265 herimo
375 4211 405 4264 D
496 4210 531 4265 20
548 4210 716 4264 humanitate
737 4208 837 4265 WXr:
869 4206 1026 4261 hnmilitate
1045 4206 1095 4260 Dc
1180 4218 1250 4258 com·

128 4298 298 4367 patiebantur
315 4312 348 4351 ea
366 4296 412 4366 qui
432 4312 491 4351 cum
509 4296 682 4366 patiebantur
703 4296 742 4352 W
842 4296 876 4349 21
898 4293 1009 4363 presbit.
1033 4288 1096 4345 DX
1124 4289 1250 4359 praestit.

132 4385 170 4441 W
268 4384 387 4453 tepens
409 4382 474 4437 WX
575 4383 608 4436 31
628 4384 713 4450 adque
735 4381 774 4437 W
