3092 4967
477 444 635 500 Conlatio
656 444 760 511 xum,
779 446 888 501 15-16.
1183 445 1246 511 527

120 636 291 719 temptator
326 634 468 701 inuenire
505 654 566 700 uon
603 636 715 718 potuit,
760 654 859 719 neque
894 636 986 701 illum
1020 634 1248 718 nequissimum

118 742 264 825 spiritum
294 741 402 821 saepta
424 740 580 821 parietum
604 742 659 805 aut
688 740 806 805 heremi
828 740 962 805 solitudo
987 742 1042 814 aut
1065 742 1112 803 tot
1135 739 1168 803 iu
1189 737 1249 803 illa

119 844 358 927 congregatione
381 845 559 909 sauctorum
581 844 695 907 merita
709 844 921 927 reppulerunt.
958 843 1013 909 sed
1028 842 1103 924 quia
1117 840 1276 907 sauctus3

118 948 165 1013 dei
195 946 333 1012 famulus
361 963 422 1014 nou
452 944 485 1009 iu
515 946 561 1009 his
590 964 667 1028 quae
698 946 886 1013 extrinsecus
912 950 996 1025 sunt,
1024 946 1078 1011 sed
1112 946 1145 1011 in
1176 944 1243 1027 ipso

99 1052 311 1117 soccultorum
344 1050 485 1115 omnium
513 1048 615 1114 iudice
644 1068 729 1131 spem
759 1049 808 1115 sui
831 1048 932 1115 cordis
954 1048 1115 1129 adfixerat,
1139 1049 1246 1114 tantae

117 1153 353 1239 inpugnatiouis
375 1152 526 1219 machinis
547 1170 742 1235 nequaquam
757 1154 862 1236 potuit
876 1153 1076 1217 commoneri.
1104 1158 1245 1217 econtra

118 1259 169 1323 ille
200 1276 293 1341 quem
321 1257 360 1321 ud
390 1260 515 1321 tautum
543 1254 662 1321 lacinus
691 1257 909 1339 praecipitauit
935 1256 1066 1332 inuidia,
1089 1272 1191 1320 nonne
1212 1256 1245 1318 et

117 1360 295 1428 solitudinis
318 1358 464 1425 beneficio
489 1360 519 1423 et
542 1359 715 1425 munitione
731 1361 905 1426 remotioris
921 1359 1095 1425 habitaculi
1113 1364 1144 1425 et
1159 1358 1244 1423 beati

117 1465 231 1531 lsidori
262 1462 385 1528 abbatis
414 1465 507 1545 atque
533 1463 707 1547 presbyteri
736 1464 929 1545 aliorumque
963 1469 1139 1529 sauctomm
1171 1478 1244 1525 eon·

86 1591 107 1629 ro
116 1568 212 1633 sertio
242 1565 428 1633 fruebatur?
450 1569 483 1632 et
505 1571 610 1633 tamen
635 1567 708 1649 quia
730 1588 802 1632 eum
823 1586 916 1650 supra
937 1568 1086 1633 harenam
1109 1564 1244 1647 repperit

116 1670 209 1739 turbo
240 1669 420 1747 diabolicus,
449 1687 509 1733 nou
538 1672 640 1735 solum
669 1669 794 1752 inpegit
816 1674 892 1750 eius,
916 1689 1027 1735 uerum
1048 1670 1144 1736 stiam
1167 1668 1242 1733 sub·

115 1774 215 1839 uertit
244 1772 473 1839 habitaculum.
514 1790 575 1837 non
604 1791 674 1855 ergo
710 1773 848 1855 quietem
880 1780 1016 1839 nostram
1053 1773 1244 1839 cru-insecus

114 1877 310 1961 inquiramus
341 1894 398 1941 nee
428 1876 577 1955 opitulari
610 1875 697 1939 uitiis
725 1878 932 1960 inpatientiae
959 1880 1080 1942 nostrae
1107 1876 1244 1942 alienam

113 1987 261 2065 putemus
292 1996 381 2061 posse
409 1979 605 2059 patientiam.
644 1978 726 2044 sicut
755 1982 838 2044 euim
865 1998 1028 2062 reguum
1050 1982 1113 2047 dei
1134 1981 1275 2054 intra4

83 2102 182 2151 euos
212 2086 287 2163 est,
318 2083 364 2147 ita
393 2082 549 2146 inimici
578 2082 750 2147 hominis
780 2083 993 2150 domestici
1022 2084 1113 2148 eius.
1153 2098 1243 2148 nemo

114 2190 198 2253 enim
215 2186 293 2251 mibi
316 2186 417 2269 magis
440 2204 533 2267 quam
548 2204 657 2250 seusus
673 2204 769 2264 meus,
798 2187 851 2269 qui
868 2188 948 2253 mihi
964 2192 1011 2253 est
1025 2207 1099 2252 uere
1113 2188 1244 2252 intimus

115 2292 312 2364 domesticus,
347 2291 540 2356 aduersatur.
580 2292 611 2355 et
643 2289 756 2355 idcirco
790 2293 816 2355 si
850 2290 1001 2357 fuerimus
1031 2291 1172 2373 solliciti,
1203 2290 1246 2355 ab.

112 2394 271 2461 intestinis
302 2393 443 2459 hostibus
472 2392 555 2457 laedi
583 2393 712 2457 minime
740 2393 924 2477 poterimus.
962 2395 1016 2460 ubi
1046 2395 1130 2457 euim
1151 2394 1242 2476 nobis

113 2500 212 2563 nostri
235 2497 399 2561 domestici
421 2515 480 2561 non
504 2496 719 2573 aduersautua
747 2494 793 2561 ibi
815 2499 847 2561 et
872 2516 1001 2581 regnum
1026 2497 1076 2563 dei
1099 2498 1130 2562 iu
1155 2501 1242 2561 trau·

81 2600 274 2683 squillitats
318 2600 434 2665 mentis
472 2599 658 2681 adquiritur.
711 2618 783 2663 nam
818 2598 846 2662 si
881 2604 1035 2667 rationem
1072 2602 1241 2683 diligenter

112 2704 261 2779 excuties,
285 2703 367 2767 laedi
391 2702 429 2767 ab
453 2704 578 2767 homine
600 2704 743 2784 quamuis
770 2703 964 2787 malignante
986 2723 1047 2769 nou
1070 2709 1189 2789 potero,
1213 2703 1243 2767 si

112 2810 179 2888 ipse
207 2806 369 2891 inpacitioo
396 2808 561 2871 aduersum
590 2826 641 2871 me
668 2808 761 2873 corde
791 2826 851 2872 uon
881 2810 1037 2874 dimicem.
1080 2812 1106 2873 si
1136 2810 1243 2873 autem

112 2909 227 2991 laedon
251 2928 315 2975 neu
335 2915 383 2975 est
406 2911 520 2977 uitium
549 2911 784 2995 inpugnatiouis
805 2912 937 2989 alienae,
963 2915 1018 2978 sed
1040 2912 1242 2995 inpatientiae

112 3030 211 3079 meae.
248 3013 330 3079 sicut
363 3012 447 3077 euim
480 3012 586 3095 grauis
620 3030 656 3077 ac
689 3012 810 3079 solidus
845 3014 934 3079 cibus
964 3033 1041 3081 saue
1071 3014 1168 3091 utilis,
1195 3012 1271 3078 itab

78 3114 306 3197 aperniciosus
344 3118 393 3183 est
430 3117 617 3200 aegrotanti.
664 3135 726 3183 uon
762 3119 868 3183 autem
904 3120 1026 3185 laedere
1061 3117 1241 3182 sumentem

112 3218 224 3300 petest,
269 3219 331 3285 nisi
367 3219 396 3285 ei
432 3220 472 3285 ad
509 3221 684 3286 nocendum
721 3221 803 3285 uires
849 3220 995 3287 adiecerit
1039 3218 1239 3303 percipientis

111 3320 289 3387 infirmitas.
329 3322 356 3387 si
379 3340 528 3405 umquam
552 3340 624 3403 ergo
648 3322 761 3387 similis
784 3324 868 3387 inter
891 3323 1005 3387 fratres
1022 3322 1117 3387 luerit
1132 3324 1241 3387 oborta

111 3425 289 3506 temptatio,
306 3442 503 3507 nequaquam
520 3444 539 3489 a
554 3444 645 3494 cursu
662 3426 902 3508 tranquillitatis
915 3427 1035 3491 excussi
1050 3426 1238 3508 blasphemis

12 2756 21 2797 P

216 3652 284 3707 141.
304 3670 326 3708 c.
431 3654 464 3709 15
482 3654 531 3708 111.
552 3654 591 3719 10,
611 3654 644 3709 36

166 3864 331 3919 ltemtator
353 3866 392 3923 13¹
496 3865 512 3919 2
536 3868 612 3935 septa
635 3866 714 3921 codd.
816 3867 943 3921 eremit)
1044 3869 1239 3937 drepulernnt

109 3949 164 4019 Ββ
263 3951 278 4005 1
304 3951 497 4020 praecepitsuit
520 3953 561 4008 Κι
665 3954 682 4007 9
709 3952 810 4007 isodori
835 3954 927 4009 ΒΒΖΙ
1029 3954 1116 4025 adque
1141 3955 1170 4011 Β

109 4033 252 4104 presbiteri
269 4035 297 4090 Β
402 4037 435 4091 10
452 4053 560 4092 arenam
578 4038 646 4093 13¹0
745 4038 948 4110 13oppitulare
966 4045 990 4105 (a
1007 4042 1039 4094 in
1056 4042 1068 4095 i
1084 4046 1192 4105 mutat)
1209 4043 1239 4097 Β

109 4121 246 4191 opitulare
267 4121 306 4181 F*
409 4124 443 4177 16
465 4129 506 4177 est
528 4140 577 4177 om.
601 4124 631 4178 F
733 4124 766 4177 18
789 4126 995 4194 potuerimustl
1067 4126 1070 4131 ’
1096 4143 1156 4181 enm
1176 4128 1235 4196 (rio)

107 4208 139 4263 B
243 4207 275 4263 19
291 4224 345 4264 non
363 4211 449 4265 B’v:
476 4210 690 4281 samareae
707 4211 741 4279 cf.
761 4214 786 4275 Ι,
805 4214 885 4287 1312
979 4212 1007 4265 iu
1026 4213 1169 4283 omitto

107 4296 143 4348 21
173 4292 298 4351 discucias
315 4296 384 4363 Bia)
488 4296 522 4349 22
545 4294 686 4353 aduersum
709 4297 804 4355 aab:
833 4299 960 4353 aduersus
984 4297 1035 4368 Ββ
1135 4300 1169 4353 21
1192 4299 1237 4355 ob-

108 4380 195 4433 horta
211 4378 261 4434 FO
362 4384 396 4435 28
414 4380 550 4437 blasfemis
568 4384 694 4437 BFK¹Z
721 4384 869 4439 blasfemiis
891 4385 913 4440 0
