3092 4967
529 417 693 474 coartare
715 417 790 484 rur,
808 418 886 474 a-a.
1206 419 1268 486 441

145 609 248 675 studio
270 609 428 692 arreptum
450 609 644 692 propositum
665 609 833 674 tennerunt
854 607 975 690 luitque
998 608 1080 672 inter
1103 626 1153 674 eos
1175 627 1270 692 quaa

145 714 215 780 dam
241 713 422 796 temporalis
450 711 595 791 adfectio,
623 711 697 794 qnia
724 731 785 776 non
813 711 935 794 aequali
956 714 1118 795 utriusque
1140 713 1269 794 uirtute,

145 817 196 883 sed
217 816 311 882 unius
333 815 487 900 patientia
503 817 701 882 seruabatur:
719 834 797 899 quae
813 815 957 898 quamuis
973 817 1012 882 ab
1026 833 1089 880 nno
1104 815 1271 900 magnani-

144 919 238 984 miter
260 920 354 1002 atque
375 918 621 1004 infatigabiliter
642 919 825 996 retentetur,
855 936 979 994 necesse
1003 918 1177 982 esttamen
1200 935 1270 982 eam

126 1023 272 1089 saltemus
293 1022 557 1106 pusillanimitate
578 1022 742 1106 disrumpi.
778 1021 981 1088 infirmitates
1004 1038 1139 1102 namque
1162 1019 1300 1086 eorumd

146 1127 196 1210 qui
231 1126 370 1210 tepidius
414 1124 612 1209 perfeetionis
655 1125 806 1208 expetunt
849 1126 1026 1204 sanitatem,
1072 1121 1270 1206 quantalibet

145 1229 276 1296 fortium
304 1229 475 1295 tolerantia
504 1229 727 1308 intententur,
755 1228 795 1294 ab
824 1227 901 1312 ipsis
931 1230 1038 1294 tamen
1066 1229 1120 1310 qui
1152 1225 1271 1292 infirmi

145 1333 217 1398 sunt
244 1350 306 1396 nou
338 1331 489 1398 feruntur.
535 1330 651 1398 habent
685 1332 768 1396 anim
800 1331 912 1396 insitas
945 1331 1005 1396 sibi
1038 1331 1272 1396 conmotionum

145 1453 252 1502 causas
285 1453 363 1518 quae
392 1453 442 1500 eos
475 1434 596 1518 quietos
624 1452 780 1500 essenon
808 1433 928 1499 sinant:
961 1437 998 1499 ut
1024 1434 1125 1499 solent
1154 1432 1188 1498 hi
1216 1431 1272 1515 qui

111 1537 263 1603 oearnali
300 1536 498 1621 aegritudine
531 1535 708 1601 detinentur
748 1535 901 1602 stomachi
934 1536 983 1601 sui
1015 1535 1271 1618 infirmitatisque

145 1639 272 1707 fastidia
294 1657 461 1724 eoquomm
482 1639 534 1705 uel
555 1637 807 1703 ministrantium
833 1638 1039 1722 neglegentiis
1062 1640 1216 1722 inputare,
1240 1637 1273 1702 et

145 1743 338 1827 quantalibet
361 1741 406 1806 eis
428 1742 668 1825 obsequentium
690 1741 868 1808 sollicitudo
884 1743 1051 1820 deseruiat,
1067 1741 1271 1807 nihilominus

145 1850 251 1911 tamen
284 1845 370 1910 sanis
403 1862 511 1910 causas
545 1863 620 1910 suae
653 1844 859 1910 conmotionie
888 1845 1074 1926 adscribere,
1103 1863 1180 1928 quas
1210 1842 1271 1908 sibi

143 1951 253 2034 utique
280 1948 359 2015 uitio
389 1949 574 2015 ualitudinis
604 1967 678 2014 suae
707 1949 808 2015 inesse
837 1968 899 2014 non
933 1951 1083 2016 sentiunt.
1122 1948 1303 2031 quamobd

111 2070 209 2117 rerem
224 2053 300 2118 haec
313 2051 362 2117 est
376 2051 535 2116 amicitiae
551 2051 588 2115 nt
603 2052 737 2118 diximus
752 2052 816 2118 fida
831 2051 1068 2135 insolubilisque
1084 2052 1271 2133 coniunctio,

144 2175 222 2240 qnae
252 2155 318 2221 sola
350 2155 506 2220 uirtutum
544 2153 705 2236 parilitate
738 2154 931 2222 foederatur:
970 2155 1151 2220 domiuus
1189 2158 1273 2222 enim

142 2258 373 2324 inhabitare
401 2257 499 2323 facit
527 2257 645 2323 unius
675 2258 796 2323 moris
827 2258 867 2323 in
890 2258 1011 2321 domo.
1049 2257 1216 2323 etidcirco
1240 2259 1274 2322 in

143 2361 192 2427 bis
213 2361 341 2427 tantum
374 2361 551 2443 indisrupta
582 2360 687 2442 potest
720 2359 846 2426 dilectio
874 2377 1062 2442 permanere,
1093 2359 1126 2425 in
1158 2359 1272 2444 quibus

142 2485 241 2531 nuum
263 2464 457 2548 propositum
480 2484 516 2530 ao
537 2464 693 2542 uoluntas,
715 2483 814 2529 unum
836 2463 918 2529 uelle
941 2482 977 2528 ao
999 2463 1082 2528 nolle
1116 2465 1272 2531 consistit

108 2587 133 2628 ro
143 2587 239 2652 quam
261 2569 288 2632 si
303 2586 360 2632 nos
376 2586 497 2652 quoqne
513 2567 627 2652 cupitis
641 2565 859 2632 inuiolabilem
876 2567 1044 2643 retentare,
1060 2566 1272 2634 festinandum

142 2674 190 2736 est
223 2671 323 2750 uobis,
357 2675 393 2734 ut
427 2669 563 2754 expulsis
594 2669 742 2753 primitus
776 2669 864 2735 uitiis
898 2669 1095 2736 mortificetis
1129 2671 1273 2755 proprias

142 2773 324 2839 uoluntates
354 2777 386 2838 et
415 2776 453 2839 nt
476 2774 566 2838 unito
592 2773 696 2838 studio
719 2776 813 2855 atque
835 2773 992 2856 proposito
1016 2773 1096 2838 illud
1119 2790 1179 2856 quo
1201 2790 1273 2855 pro-

141 2875 239 2960 pheta
268 2877 435 2941 admodum
465 2875 641 2941 delectatur
669 2878 814 2959 grauiter
843 2875 1022 2958 impleatis:
1047 2893 1138 2942 ecoe
1160 2893 1273 2958 qnam

141 2978 300 3056 bonum,
338 2982 376 3044 et
412 2996 524 3061 quam
567 2977 783 3043 iucundum
826 2976 1010 3044 habitare
1054 2977 1200 3042 fratrea
1232 2977 1274 3043 in

107 3101 268 3147 sunum.
307 3082 389 3166 qnod
417 3099 480 3146 non
501 3079 655 3158 localiter,
686 3080 741 3146 sed
762 3081 949 3163 spiritaliter
972 3082 1096 3161 oportet
1117 3078 1304 3164 intellegi.5

141 3184 223 3251 nihil
252 3185 334 3251 euim
364 3185 490 3266 prodest
519 3184 548 3250 si
578 3185 716 3250 moribus
745 3201 782 3250 ao
809 3184 968 3266 proposito
998 3182 1187 3248 dissidentes
1209 3202 1279 3250 uua

140 3287 340 3353 habitatione
368 3288 549 3370 iungantur,
579 3305 635 3352 nee
664 3287 752 3352 obest
781 3287 875 3369 parili
904 3287 1026 3353 uirtute
1056 3283 1196 3351 fundatis
1219 3303 1274 3368 par

247 3484 281 3538 la
297 3483 343 3540 Ps.
361 3483 404 3550 67,
422 3484 438 3538 'i
542 3483 577 3539 23
594 3483 640 3539 Pa.
659 3483 717 3550 182,
736 3485 750 3538 1

193 3655 304 3710 linter
320 3654 375 3724 eos]
393 3655 433 3709 eis
450 3655 476 3706 Τ
575 3655 763 3724 Ἠιιιιιιιὶἰιιι
787 3656 813 3707 t‘
914 3655 1119 3712 isustsntstnr
1143 3658 1174 3709 H
1178 3658 1204 3711 0

141 3742 175 3796 ab
191 3741 232 3797 sis
250 3746 276 3808 (s
293 3741 375 3808 arua.)
392 3741 424 3792 H
510 3740 528 3795 8
539 3745 605 3811 post
621 3741 746 3796 feruntur
763 3741 838 3796 ror
855 3741 956 3798 babeat
972 3743 1079 3798 imma
1095 3744 1172 3799 baec:
1196 3745 1225 3798 et
1241 3745 1274 3799 nt

139 3828 181 3882 its
197 3827 288 3884 dicam
304 3827 394 3896 ipsum
410 3825 516 3897 (ipsuht
533 3827 568 3896 0)
592 3828 704 3883 tolerari
722 3829 848 3896 (tolerare
865 3829 902 3898 Y)
920 3844 973 3883 uon
990 3829 1110 3884 tolerant
1211 3845 1274 3886 eou-

139 3915 306 3969 mixtionum
321 3913 351 3966 Σ
379 3913 592 3968 commotionum
607 3914 696 3966 HYO
799 3914 873 3969 abii
891 3915 959 3966 ΣΤ*
1003 3949 1008 3960 -
1062 3916 1095 3970 10
1112 3916 1274 3972 detinentur

139 4000 179 4052 Π1
262 3997 436 4054 ιὲὴοιιιιοίΣ
462 4000 612 4054 namacio
691 4000 968 4070 intirmitttastpnell¹
1055 4003 1088 4058 13
1099 4017 1192 4058 muru
1204 4002 1272 4058 d'Oa

139 4100 236 4141 numae
252 4085 283 4138 Σ
311 4085 430 4140 ιιιιιιιΠι
457 4086 593 4140 ιιιιιιιιΠ1
678 4087 713 4140 14
730 4087 897 4142 ualetudinis
914 4088 944 4141 Σ
1031 4088 1065 4143 16
1081 4088 1162 4159 eninr]
1181 4091 1273 4144 autem

139 4173 169 4226 Σ
255 4170 506 4226 22noluntatisll¹
586 4173 781 4228 utoni-HYO
861 4174 1011 4244 quodY¹0
1096 4174 1207 4245 protll

139 4257 339 4313 23nouiterll
349 4257 501 4326 (eiuras.)
530 4258 697 4313 nanterre
724 4259 832 4314 nauiter
845 4260 871 4313 0
973 4261 1007 4316 24
1021 4260 1166 4317 iocundum
1180 4261 1206 4313 Y

140 4344 176 4399 at
192 4343 318 4414 prodeest
336 4344 362 4397 0
463 4343 498 4398 27
515 4345 574 4414 peri
591 4343 622 4396 Π
