3092 4967
512 424 670 481 Oonletie
692 424 770 491 xm,
788 426 866 481 6-7.
1186 422 1250 493 369

121 616 212 681 cuius
241 616 418 701 benignitus
448 632 519 680 enm
551 618 647 683 benee
675 617 850 683 ueluntetis
878 616 913 682 in
938 617 1027 683 uetus
1048 616 1248 699 quentulem·

122 736 258 801 cumque
287 718 457 785 suintillem
486 719 650 785 emieuisse
676 721 867 803 perspexerit
889 720 940 787 uel
962 737 1056 803 quem
1077 720 1143 802 ipse
1166 722 1250 785 tem

123 840 219 905 quem
243 823 283 889 de
304 822 382 888 Iure
404 822 491 889 silice
513 824 611 889 nostri
633 823 736 889 sordis
763 824 932 900 exsudent,
962 823 1107 890 euniouet
1128 844 1198 891 eem
1218 826 1251 890 et

122 926 299 992 exsuscitet
319 944 436 1010 sueque
457 926 659 1010 inspiratione
681 926 846 1004 eonfortet,
878 926 1016 993 ueiens
1037 944 1166 992 omnes
1188 927 1251 993 he·

104 1029 254 1093 emines
284 1028 415 1095 seinos
444 1030 536 1095 tisri
567 1034 605 1095 et
627 1028 671 1095 ed
692 1030 941 1113 *agnitionem
971 1030 1167 1095 ueritetis
1187 1048 1250 1095 ue·

123 1132 227 1209 nire,
253 1132 326 1214 quie
348 1150 419 1197 neu
442 1136 515 1212 est,
538 1134 650 1218 inquit,
672 1134 861 1201 uolentes
890 1137 980 1199 ente
1007 1135 1161 1217 petrem
1190 1152 1253 1198 ue·

121 1236 252 1300 strum
281 1237 348 1319 qui
374 1239 416 1301 in
438 1238 566 1303 esselis
589 1243 712 1304 estut
734 1245 872 1322 pereet
894 1255 1059 1304 unueen
1082 1236 1253 1320 pusillis

123 1340 242 1419 istis,
266 1338 427 1405 etiterum
449 1342 645 1421 nonnuli,
668 1343 780 1424 iuquit,
796 1342 889 1407 deus
912 1342 1043 1425 perire
1066 1342 1253 1424 enimam,

124 1442 193 1507 sed
227 1444 428 1509 retrectat
456 1446 636 1527 cogitans
665 1464 708 1509 ne
736 1444 899 1527 penitus
926 1445 1065 1528 pereet
1092 1444 1160 1526 qui
1189 1443 1252 1507 eb·

94 1545 260 1610 reiectus
289 1548 358 1611 est
396 1564 488 1613 neren
516 1565 649 1631 nemque
677 1548 724 1613 est
751 1549 785 1612 et
805 1566 867 1613 nen
889 1549 1049 1623 mentitur,
1072 1566 1143 1613 eum
1165 1546 1285 1612 onte-2

125 1649 268 1715 stetime
289 1649 454 1717 deliniens:
478 1654 568 1717 uiuo
591 1668 674 1735 ege,
698 1652 802 1717 dieit
823 1652 1000 1717 (lominus
1023 1650 1134 1716 deus:
1161 1648 1254 1733 quie

126 1754 219 1818 nolo
249 1759 407 1819 mertem
438 1753 560 1837 inpii,
596 1755 661 1820 sed
689 1755 734 1821 ut
761 1755 1018 1819 eonusrtetur
1041 1772 1059 1819 e
1081 1753 1146 1819 uie
1168 1772 1252 1831 sue,

127 1859 164 1921 et
198 1858 323 1922 uiuet.
357 1858 411 1940 qui
442 1858 525 1923 enim
553 1861 590 1923 ut
615 1860 723 1942 pereet
749 1876 830 1923 unus
858 1876 894 1923 ex
921 1858 1044 1940 pusillis
1072 1874 1134 1923 nou
1163 1858 1256 1922 hebet

128 1960 337 2037 uoluntatem,
360 1962 510 2044 quomedo
533 1962 600 2028 sine
625 1961 748 2047 ingenti
770 1959 932 2044 seenlegto
955 1959 1113 2043 petendus
1130 1960 1255 2025 estnon

96 2085 120 2125 n
128 2062 352 2128 uniuersaliter
373 2080 490 2141 omnes,
513 2063 567 2129 sed
590 2065 739 2147 quosdem
764 2065 868 2130 selues
888 2064 957 2129 lieri
978 2064 1060 2130 uelle
1081 2081 1137 2148 pre
1153 2063 1255 2129 omni·

129 2167 214 2231 bus?
230 2183 304 2247 ergo
318 2165 503 2250 quieumque
518 2170 659 2249 pereunt,
676 2169 784 2233 uentre
798 2166 886 2232 illins
901 2168 1033 2249 pereunt
1047 2166 1255 2247 uoluntatem,

130 2272 176 2334 ite
199 2286 237 2335 eo
259 2273 366 2335 contre
387 2288 638 2354 unumquemque
660 2288 766 2336 eornm
789 2269 902 2335 solidis
917 2269 1145 2353 proelemente:
1169 2286 1256 2333 eon·

131 2372 344 2439 uertImiui
365 2392 385 2438 e
410 2374 490 2439 uiis
521 2372 670 2438 uestris
699 2372 900 2457 pessimis:
929 2374 967 2438 et
994 2390 1112 2455 quere
1135 2372 1259 2437 meri·

10 2516 14 2530 ·
131 2476 229 2543 mini
273 2476 407 2542 demus
449 2476 626 2542 lsrelrel?
669 2480 701 2541 et
736 2476 869 2542 iterumz
913 2477 1102 2558 quotiens
1145 2473 1256 2539 uului

99 2597 372 2663 neongregere
408 2580 522 2645 lilius
558 2585 660 2658 tues,
703 2580 812 2646 sieut
847 2580 1004 2664 gelline
1040 2579 1258 2661 eongrsget

133 2683 379 2767 pullessuos
407 2684 589 2750 subeles
618 2701 723 2767 sues,
753 2685 794 2748 et
821 2680 1003 2748 noluisti.
1043 2683 1091 2747 et:
1121 2698 1257 2764 quere,

134 2785 249 2869 inquit,
294 2804 456 2853 euersus
500 2786 561 2851 est
602 2786 771 2871 pepulue
813 2788 894 2851 iste
931 2786 971 2851 in
1006 2783 1258 2850 Hienuselem

136 2890 343 2955 euersioue
373 2888 644 2956 sententiose?
671 2890 965 2957 indurenerunt
993 2888 1124 2954 feeies
1148 2904 1258 2963 sues,

137 2993 353 3060 noluerunt
374 2993 534 3059 reuerti.
572 2996 695 3077 prepete
717 2993 863 3077 euterpe
885 2992 1001 3057 eotidie
1015 2988 1291 3074 Christi·gretie‚3

104 3116 227 3181 eques,
260 3097 336 3161 dum
368 3097 457 3162 uult
489 3116 625 3163 omnes
656 3097 832 3163 homines
860 3098 993 3161 selues
1022 3091 1118 3159 fieri
1148 3096 1186 3157 et
1212 3092 1256 3157 etl

141 3199 381 3285 agnitionem
415 3202 603 3267 ueritatis
627 3201 778 3279 uenire,
808 3205 937 3266 onustes
967 3198 1082 3281 absque
1112 3196 1179 3262 ulle
1206 3213 1258 3259 ex·

241 3405 259 3460 4
276 3406 291 3460 I
309 3406 377 3459 Tru.
395 3408 420 3473 2,
438 3406 456 3461 4
523 3406 540 3460 6
558 3406 610 3461 Mt.
630 3406 671 3473 18,
690 3406 723 3461 14
789 3406 808 3459 8
823 3403 853 3459 II
868 3404 935 3473 Reg-
955 3403 995 3467 14,
1014 3402 1047 3456 14
1116 3401 1149 3455 11
1168 3397 1263 3453 Eeech.

142 3494 183 3557 33,
202 3494 233 3546 11
306 3493 337 3547 17
356 3493 373 3546 l.
392 3510 413 3547 e.
489 3492 522 3547 19
540 3492 589 3546 Mt.
607 3492 649 3557 23,
667 3491 701 3545 37
774 3490 808 3544 21
827 3490 942 3545 Hierem.
961 3489 986 3556 8,
1004 3491 1021 3544 5
1093 3486 1128 3541 23
1146 3484 1263 3538 Hierem.

143 3579 167 3643 5,
184 3579 200 3632 3
304 3578 338 3631 25
355 3578 370 3632 1
388 3578 457 3633 Tim.
474 3578 500 3644 2,
518 3578 535 3633 4

191 3750 208 3804 3
227 3750 314 3803 cordis
331 3751 416 3805 nestri
435 3750 489 3804 ΤΟ
574 3748 715 3804 excusserit
730 3748 768 3813 Ὺ,
796 3746 1018 3809 serissime,
1037 3749 1097 3799 etv
1186 3741 1263 3795 siu-

143 3835 277 3904 quidiIO
361 3835 519 3906 petrumll¹
615 3834 759 3904 ipeseillis
770 3833 811 3885 11¹
904 3829 1065 3901 8Inquid0
1158 3828 1190 3882 12
1202 3828 1266 3881 nelo

144 3923 265 3991 nomm]
283 3937 335 3976 nou
354 3922 496 3977 selumerte
512 3923 551 3974 ΠΙ
582 3936 636 3975 nen
654 3920 716 3975 uelo
734 3922 820 3975 murts
836 3920 876 3971 Πι
978 3918 1013 3971 13
1032 3916 1079 3984 qui
1097 3915 1266 3969 euim...15

145 4008 326 4077 pre-omuibus
337 4024 387 4063 em.
404 4010 433 4061 Σ
442 4008 509 4075 sort.
519 4012 592 4063 reete
677 4007 712 4062 15
728 4007 785 4076 pre]
803 4021 834 4061 ex
850 4006 877 4057 P
959 4004 993 4058 16
1009 4002 1151 4057 uoluntete
1168 3999 1197 4051 Σ

146 4094 175 4149 ii
194 4094 316 4165 001011
343 4098 372 4148 et
391 4095 429 4148 0:
455 4110 505 4149 erre
528 4098 554 4147 Τ
653 4096 718 4149 cett
743 4094 768 4143 ‘l'
867 4091 1075 4161 preelementem
1097 4085 1197 4139 WO

149 4182 178 4236 18
190 4186 254 4250 pest
271 4180 370 4237 nutris
387 4182 418 4235 ies
435 4182 464 4233 Σ
480 4198 496 4235 e
514 4196 622 4237 erasm
640 4184 679 4235 eet
768 4178 920 4233 moriemini
935 4176 1045 4231 lll'Oe
1136 4173 1169 4228 19
1185 4170 1265 4226 isreel

149 4287 173 4336 Σ
201 4273 257 4341 nil
274 4286 300 4339 0
317 4290 350 4339 set
366 4286 433 4340 solet
535 4284 569 4340 20
589 4288 653 4339 tuns
675 4282 713 4336 ΠΙ
815 4282 851 4337 22
867 4282 962 4351 inquid
978 4280 1038 4334 IIO
1138 4276 1266 4331 231111-

149 4373 217 4425 tioue
235 4374 262 4424 Σ
366 4388 427 4426 sues
445 4374 473 4426 et
489 4374 516 4423 ‘I'
615 4370 649 4425 24
667 4372 732 4425 eote.
752 4370 778 4421 ‘l’

197 4475 273 4530 XIII.
311 4491 370 4535 ceu.
386 4496 405 4533 e.
1128 4468 1165 4524 24
