3092 4967
253 424 316 489 llo
644 420 811 477 Iohannis
828 418 989 475 Cassiani

252 614 334 679 suis
357 631 430 677 non
453 615 548 677 sunt
569 611 737 690 reuersi,
768 614 952 679 etiterum:
979 608 1220 697 percussisti
1244 626 1323 693 eos,
1345 610 1385 675 et

252 733 330 781 non
352 716 578 783 doluerant:
601 715 819 783 adtriuisti
841 734 921 799 eos,
952 720 991 782 et
1012 715 1261 781 rennuerunt
1283 712 1383 779 ccci·

252 837 345 903 pere
367 817 640 903 disciplinam:
673 820 972 887 indurauorunt
999 818 1125 885 facies
1152 834 1245 883 suas
1267 833 1386 898 snper

223 918 423 1005 ipetram,
458 922 675 988 noluerunt
711 924 870 989 reuerti.
916 940 990 1008 erga
1022 939 1156 1007 quornm
1188 920 1387 987 curationem

253 1044 377 1091 omnem
399 1026 547 1108 temporis
569 1025 661 1092 istius
684 1026 874 1093 medicinam
897 1025 1005 1093 uidens
1031 1026 1182 1110 propheta
1203 1025 1235 1091 in
1259 1040 1422 1089 cassum:

253 1127 351 1194 luisse
366 1133 591 1213 consumptam,
608 1130 773 1211 desperans
787 1129 1014 1214 quodammodo
1029 1132 1091 1197 iam
1108 1130 1148 1195 de
1162 1146 1269 1194 eornm
1282 1126 1388 1194 salute
1456 1120 1460 1129 ’

251 1233 443 1317 proclamat:
466 1233 616 1301 defecit
636 1233 916 1301 sufflatorium
937 1236 978 1301 in
999 1236 1106 1318 igne,
1123 1233 1279 1299 frustra
1302 1247 1386 1297 con-

254 1336 380 1403 flauit
412 1338 635 1406 confictor:
664 1338 847 1404 malitiae
877 1337 979 1405 onim
1007 1339 1165 1404 uestrae
1192 1353 1264 1402 non
1292 1336 1388 1401 sunt

255 1444 523 1524 consumptae.
558 1443 768 1525 argentum
791 1443 1001 1525 reprobum
1024 1443 1161 1507 uocate
1185 1455 1267 1514 eos,
1291 1438 1389 1521 qnia

255 1543 434 1609 dominns
456 1543 633 1627 proiecit
655 1562 731 1611 cos.
766 1544 848 1611 hanc
869 1544 1041 1611 salutarem
1063 1543 1146 1628 ignis
1164 1543 1426 1627 purgationemo

254 1646 337 1711 circa
358 1664 410 1713 eos
431 1646 486 1730 qni
506 1648 684 1730 praedurati
706 1652 781 1715 sunt
803 1649 970 1715 sceleribus
991 1648 1058 1713 suis
1080 1646 1266 1712 inaniterne
1283 1643 1389 1709 domi-

255 1766 316 1813 nus
348 1746 525 1817 adhibuisse
556 1751 616 1815 snb
648 1767 777 1833 persono
809 1750 1008 1817 Hierusalem
1033 1749 1197 1816 concretae
1232 1746 1390 1830 profunda

256 1849 397 1935 robigine
433 1855 632 1933 peccatorum
666 1853 713 1919 ita
742 1854 942 1936 conqueritur
969 1872 1084 1937 pone,
1116 1854 1270 1937 inquiens,
1302 1870 1392 1917 eam

255 1970 372 2037 super
403 1972 545 2037 prunas
576 1974 750 2033 uacuam,
784 1958 827 2023 ut
856 1956 1092 2036 incalescat,
1126 1957 1165 2021 et
1193 1952 1393 2037 liquefiat

255 2074 321 2121 aes
342 2057 441 2121 eins:
465 2059 504 2123 et
524 2059 724 2127 confletur
739 2061 781 2126 in
796 2061 922 2127 modio
937 2061 1023 2127 eius
1039 2058 1427 2144 inquinamentnmrs

256 2158 349 2225 eius.
386 2160 509 2227 multo
536 2163 676 2229 labora
702 2165 887 2230 sudatum
917 2169 990 2245 est,
1021 2168 1058 2231 et
1085 2181 1159 2230 non
1186 2161 1317 2227 exiuit
1339 2160 1392 2227 de

257 2280 300 2327 ea
326 2264 451 2329 nimia
478 2266 616 2349 robigo
638 2267 742 2345 aius,
767 2285 896 2350 nequa
918 2285 987 2350 per
1009 2268 1151 2351 ignom.
1189 2264 1393 2332 inmundi-

257 2367 314 2431 tia
334 2368 402 2433 tua
431 2369 689 2437 execrabilis:
711 2372 806 2454 quie
827 2371 1014 2437 mundare
1036 2373 1074 2436 tc
1097 2370 1227 2449 uolui,
1250 2370 1290 2435 et
1312 2388 1392 2436 non

227 2478 295 2543 sas
316 2472 503 2538 mundata
524 2490 545 2538 a
566 2472 750 2541 sordibus
777 2478 867 2541 tuis.
905 2474 1109 2559 quamobrem
1124 2472 1392 2558 utperitissimus

257 2571 399 2638 medicus
431 2574 570 2657 expensis
598 2577 743 2643 omnibus
773 2578 965 2644 salutaribus
994 2579 1077 2644 curis
1107 2596 1164 2644 nec
1191 2576 1293 2644 ullum
1322 2579 1429 2643 ismso
1538 2610 1539 2627 ι

256 2675 388 2740 remedii
415 2694 513 2759 genus
545 2679 626 2761 qnod
652 2680 832 2747 infirmitati
859 2700 966 2749 eornm
993 2682 1090 2764 possit
1111 2682 1211 2766 aptari
1240 2681 1394 2747 dominns

257 2795 415 2860 superesse
448 2780 639 2863 conspiciens
671 2783 897 2864 quodammodo
930 2784 1135 2867 iniquitatum
1167 2784 1394 2867 magnitudine

257 2883 432 2964 suparatur,
456 2900 494 2947 ac
516 2882 732 2950 discederent
754 2887 812 2953 illa
835 2888 984 2953 clementi
1005 2905 1063 2953 sna
1084 2886 1289 2971 ambigatione
1312 2904 1394 2953 con-

257 2982 387 3067 pellitur
408 2986 516 3068 itaquo
537 2989 565 3053 ei
587 2988 753 3054 denuntiat
775 2991 896 3057 dicens:
925 2991 1001 3057 iam
1023 3008 1098 3057 non
1119 2990 1266 3057 irascar
1289 2988 1393 3072 tibi,

258 3092 295 3155 ct
321 3089 427 3155 celus
452 3108 554 3160 meus
576 3094 750 3159 recessit
772 3113 792 3160 a
814 3095 861 3161 te.
900 3094 938 3161 de
964 3094 1035 3161 aliis
1057 3111 1140 3178 uero,
1170 3112 1302 3177 quorum
1324 3111 1433 3159 nonar

257 3191 458 3276 praeduranit
479 3212 531 3259 cor
554 3192 729 3278 frequentia
754 3198 957 3279 peccatorum
979 3216 1035 3264 noe
1055 3198 1114 3263 illa
1135 3196 1337 3263 seuerissima
1360 3201 1396 3263 et

260 3398 407 3464 salutaris
437 3399 527 3465 uerbi
555 3400 673 3468 scilicit
695 3404 734 3468 ad
756 3402 901 3480 salutem,
929 3401 1057 3470 dicitur:
1091 3401 1302 3469 emendabo
1325 3421 1396 3469 eos

364 3627 377 3680 1
405 3624 521 3681 Hieram.
548 3628 572 3694 5,
598 3627 615 3681 3
718 3629 734 3684 7
761 3627 876 3683 Hieram.
904 3630 929 3696 6,
957 3630 1060 3685 29-60
1163 3630 1197 3685 13
1223 3628 1319 3685 Erech.
1347 3630 1397 3697 24,

260 3709 363 3764 11-13
465 3711 501 3765 24
518 3710 612 3767 dasch,
631 3711 673 3777 16,
690 3713 725 3767 42
827 3716 862 3769 28
879 3714 945 3771 Osce
964 3716 987 3783 7,
1008 3716 1040 3771 12
1058 3716 1153 3785 (LXX)

311 3922 500 3977 irannernnt
521 3923 608 3979 D²W
705 3942 827 3997 accepere
851 3928 878 3985 V
976 3930 1172 3999 sosarmo
1199 3930 1222 3987 0
1325 3946 1398 4002 ergo

265 4007 302 4063 W
391 4009 532 4063 bomnem
548 4024 600 4064 ora
618 4010 702 4069 D²W
793 4013 1005 4072 'truttmunt'
1095 4015 1262 4073 Boonliatur
1284 4015 1319 4071 V¹

261 4093 295 4149 10
321 4107 365 4149 eos
392 4092 470 4149 VX¹:
498 4095 561 4150 illos
583 4093 743 4154 DWOX¹o
765 4104 792 4155 ct
815 4100 892 4172 Vulq.
997 4102 1030 4155 13
1056 4101 1179 4171 robigine
1204 4102 1259 4157 D¹:
1299 4103 1400 4173 rubig.

259 4180 319 4235 aaa
422 4181 591 4251 conquiritur
615 4182 689 4237 D¹X
791 4200 873 4255 poena
903 4186 951 4243 W¹
1054 4188 1088 4243 14
1114 4188 1255 4243 inceliseet
1284 4186 1319 4243 1¹¹

261 4267 295 4321 16
320 4270 348 4320 et
373 4282 443 4321 eras.
468 4268 501 4321 ia
524 4268 556 4323 D
682 4270 724 4325 eri
737 4308 969 4327 ..............
983 4272 1047 4343 bigo
1078 4272 1104 4329 V
1230 4274 1263 4329 17
1291 4274 1398 4347 robigo

259 4351 337 4408 codd.
425 4353 458 4408 18
475 4354 603 4411 moereb.
619 4356 657 4413 W
742 4357 777 4411 26
794 4356 975 4429 pdnranitD¹
1060 4360 1095 4417 27
1107 4360 1268 4417 medicinam
1286 4360 1319 4419 W
