3092 4967
287 415 351 481 202
682 411 848 465 Iohannis
866 411 1025 466 Cassiani

289 604 457 669 daemones
480 622 574 686 qnam
596 603 748 667 anteriore
770 606 909 685 tempore
932 601 1014 668 inter
1038 600 1300 667 anachoretarum
1324 602 1415 667 dum·

289 707 378 772 taxat
400 707 560 790 principia,
576 705 737 788 inquibus
753 706 853 771 adhuc
871 704 985 770 raritas
1003 706 1224 769 monachorum
1241 706 1273 769 in
1290 704 1415 769 heremo

289 813 504 878 conmanebat.
540 812 628 875 tanta
656 827 790 892 namque
819 812 885 874 crat
915 826 1021 873 eorum
1043 808 1160 886 feritas,
1192 812 1227 872 ut
1249 808 1303 871 uix
1326 806 1416 890 pauci

289 920 322 981 et
349 915 516 981 admodum
545 914 674 979 stabiles
703 916 798 994 atque
825 914 927 977 aetate
948 912 1089 993 prouecti
1111 913 1242 976 tolerare
1265 909 1416 976 habitati·

215 994 229 1021 ⁸
289 1036 380 1083 onem
397 1018 575 1083 solitudinis
590 1019 726 1099 possent.
755 1015 910 1097 siquidem
926 1014 959 1077 in
975 1015 1051 1098 ipsis
1067 1013 1234 1096 coenobiis,
1252 1012 1416 1096 inquibus
1434 1034 1445 1074 s

288 1121 548 1188 conmorabantur
571 1123 641 1185 octo
663 1118 717 1183 uel
731 1117 848 1196 decem,
865 1118 912 1184 ita
927 1136 1034 1183 eorum
1050 1118 1198 1184 atrocitas
1215 1117 1417 1201 grassabatur

288 1229 319 1289 ct
356 1222 532 1305 frequentes
569 1240 606 1287 ac
642 1220 785 1286 risibiles
821 1221 1036 1288 sentiebantur
1068 1222 1244 1305 adgressus,
1281 1220 1319 1283 nt
1359 1236 1417 1283 non

288 1326 438 1393 auderent
460 1343 566 1391 omnes
589 1325 706 1408 pariter
728 1324 872 1391 noctibus
897 1324 1082 1400 obdormire,
1106 1325 1161 1389 sed
1185 1323 1329 1387 uicissim
1346 1320 1417 1387 aliis

287 1428 526 1513 degustantibus
558 1445 704 1492 somnum
737 1427 793 1492 alii
831 1428 959 1511 uigilias
993 1427 1183 1493 celebrantes
1218 1426 1352 1509 psalmis
1388 1426 1418 1489 et

256 1532 480 1599 donationibus
513 1549 568 1595 seu
605 1530 794 1595 lectionibus
838 1528 1050 1596 inhaerebant.
1099 1548 1232 1611 cumque
1268 1528 1342 1595 illos
1382 1530 1447 1595 adro
1531 1610 1532 1619 ἵ

286 1653 427 1719 soporem
456 1638 587 1700 naturae
614 1634 781 1699 necessitas
810 1634 989 1712 inuitasset,
1018 1632 1243 1716 expergefactis
1272 1631 1347 1696 aliis
1381 1631 1418 1697 ad

287 1757 393 1803 eorum
417 1737 472 1820 qui
495 1736 660 1801 dormituri
682 1739 771 1802 erant
794 1737 969 1802 custodiam
984 1735 1131 1801 similiter
1146 1733 1294 1801 excubiae
1309 1734 1417 1799 trade-

287 1841 410 1906 bantur.
448 1842 530 1905 unde
553 1838 688 1906 dubitari
710 1860 770 1905 non
797 1842 899 1924 potest
927 1860 1025 1907 unum
1047 1860 1064 1905 e
1087 1840 1207 1905 duobus
1230 1838 1310 1903 hanc
1332 1856 1419 1903 nuno

286 1944 489 2009 securitatem
519 1944 571 2008 uel
599 1943 819 2012 confidentiam
845 1962 905 2009 non
935 1944 1037 2009 solum
1066 1944 1163 2017 nobis,
1193 1944 1248 2025 qui
1271 1942 1419 2007 uidemur

286 2066 342 2131 pro
380 2045 570 2129 experientia
606 2048 776 2112 senectutis
814 2046 1010 2131 aliquatenus
1047 2048 1191 2125 roborati,
1225 2047 1279 2111 sed
1318 2047 1449 2113 etiams

286 2150 459 2216 iunioribus
492 2153 596 2215 aetate
628 2150 780 2215 conferre:
819 2155 873 2216 aut
908 2153 990 2216 eninr
1024 2151 1142 2216 uirtute
1179 2150 1278 2215 crucis
1318 2150 1418 2214 etiam

286 2254 408 2319 deserta
435 2254 620 2336 penetrante
647 2256 680 2317 et
709 2252 823 2335 ubique
853 2253 919 2317 eius
947 2254 1054 2337 gratia
1085 2256 1263 2318 coruscante
1285 2256 1420 2317 retunsa

286 2360 335 2421 est
363 2356 504 2439 nequitia
526 2354 710 2421 daemonum
734 2358 792 2420 aut
816 2356 1015 2439 neglegentia
1036 2358 1144 2421 nostra
1166 2355 1238 2420 illos
1261 2357 1301 2421 ab
1324 2356 1418 2439 inpu-

286 2464 434 2545 gnatione
450 2459 585 2542 pristina
598 2458 737 2523 reddidit
752 2460 907 2537 lentiores,
930 2459 1004 2523 dum
1020 2458 1232 2540 dedignantur
1247 2461 1419 2525 aduersum

284 2581 340 2627 nos
356 2561 414 2626 illa
428 2562 601 2627 intentione
617 2562 783 2643 confligere
799 2581 861 2644 qua
875 2566 951 2627 tuno
966 2567 1075 2637 contra
1090 2562 1162 2627 illos
1178 2564 1451 2645 probatissimosro

286 2664 401 2730 Christi
431 2666 549 2731 milites
577 2666 767 2747 saeuiebant,
796 2667 855 2731 hac
878 2666 998 2731 scilicet
1025 2684 1079 2731 nos
1103 2665 1315 2732 fraudulentia
1338 2667 1419 2729 uisi-

256 2766 399 2833 3bilium
429 2771 670 2851 temptationum
699 2770 870 2833 cessatione
899 2768 998 2834 dirius
1027 2768 1188 2835 elidentes.
1226 2768 1257 2832 in
1287 2769 1420 2833 tantum

286 2871 370 2937 enim
394 2875 531 2953 teporem
555 2873 697 2937 uidemus
720 2872 880 2937 consuisse
903 2872 1078 2952 nonnullos,
1103 2876 1137 2938 ut
1159 2889 1281 2937 necesse
1304 2872 1351 2935 sit
1368 2890 1419 2937 eos

284 2975 381 3040 etiarn
426 2975 654 3041 remissioribus
698 2976 826 3041 monitis
866 2976 1037 3059 adpalpari‚
1076 2977 1167 3042 modo
1206 2996 1246 3042 ne
1281 2976 1420 3041 desertis

285 3078 408 3143 cellulis
442 3081 505 3145 suis
534 3081 573 3146 ad
605 3079 840 3162 perniciosiores
877 3079 1110 3163 inquietudines
1144 3080 1351 3147 reuoluantur
1389 3082 1452 3144 ets

285 3184 512 3249 circumeuntes
534 3203 570 3248 ac
593 3184 667 3265 uagi
697 3183 901 3248 crassioribus
925 3187 959 3248 ut
982 3185 1027 3247 ita
1049 3183 1182 3249 dixerim
1205 3182 1294 3249 uitiis
1319 3184 1420 3267 inpli-

285 3288 402 3369 centur,
425 3305 621 3371 magnusque
644 3287 765 3351 fructus
788 3288 828 3353 ab
847 3287 892 3351 eis
908 3286 1044 3351 obtineri
1068 3288 1221 3365 credatur,
1244 3286 1273 3351 si
1295 3287 1419 3351 solnm-

284 3390 376 3454 modo
405 3407 438 3453 se
467 3392 563 3456 etiarn
593 3408 665 3455 cum
694 3390 837 3471 qualibet
869 3390 997 3471 ignauia
1031 3392 1158 3456 ualeant
1186 3392 1220 3455 in
1243 3390 1419 3455 solitudine

285 3492 452 3568 continere,
475 3512 510 3557 ac
533 3510 589 3574 pro
611 3493 731 3576 ingenti
754 3495 890 3559 remedio
913 3495 1012 3559 soleat
1029 3496 1073 3559 eis
1097 3511 1116 3558 a
1137 3492 1315 3559 senioribus
1331 3493 1418 3557 dici:

338 3746 499 3801 lanteriori
519 3748 559 3803 W
574 3764 644 3806 corr.
742 3750 892 3805 anachorit.
915 3748 1037 3805 VWPX
1064 3748 1240 3803 anacoretO
1338 3747 1421 3803 dnm·

283 3833 360 3884 taxum
377 3847 428 3885 cm.
450 3834 489 3888 W
572 3834 693 3904 ladque
715 3836 767 3890 VP
851 3836 992 3905 5posaint
1010 3835 1063 3890 VD
1150 3833 1286 3889 coenubiis
1302 3833 1344 3888 Β*

283 3916 486 3971 cerussam
506 3918 545 3974 W
629 3920 760 3974 aarum
777 3920 818 3975 ο·
908 3904 1081 3975 10111usV'
1155 3922 1187 3975 11
1206 3920 1338 3975 {mseras
1356 3920 1422 3975 Px

282 4021 299 4059 o
378 4004 410 4057 12
427 4006 580 4060 custodiam
602 4007 628 4061 V
704 4009 737 4061 13
754 4007 878 4062 dubitare
895 4007 951 4063 ΒΟ
1020 4007 1164 4077 poteestO
1243 4007 1277 4061 15
1294 4008 1420 4061 robarati

287 4089 322 4143 V¹
350 4089 472 4145 roborati
488 4092 530 4145 D¹
618 4094 648 4147 11
667 4094 841 4147 choruscante
857 4094 909 4149 VP
999 4095 1032 4148 18
1050 4094 1114 4148 illus
1130 4094 1156 4147 V
1241 4093 1274 4147 19
1293 4092 1422 4147 reddedit

282 4175 352 4229 D¹P
437 4175 472 4232 20
490 4179 821 4249 illusprobatissimusV
904 4181 937 4235 21
956 4180 1137 4235 fraudolentia
1155 4180 1201 4234 W¹
1288 4180 1322 4235 23
1339 4181 1422 4234 uide·

283 4278 342 4315 mus
359 4264 476 4331 teporem
495 4268 587 4334 (temp.
611 4266 667 4330 W¹)
690 4265 763 4321 DW
795 4266 942 4319 nonnullus
968 4266 993 4322 V
1093 4266 1127 4319 24
1150 4265 1292 4321 dummodo
1316 4265 1345 4319 D

282 4348 316 4403 27
335 4348 456 4403 obtinere
472 4350 543 4404 DX¹
644 4351 679 4405 28
696 4366 756 4405 curn
773 4350 868 4405 orn-O
