3092 4967
336 481 398 546 6Ἰο
726 473 893 526 lobannis
911 474 1068 528 Cassiani

335 693 416 738 mus
433 673 520 753 quia
535 668 734 751 peccatum
750 683 822 730 uon
838 665 1040 743 habemus,
1055 667 1134 749 ipsi
1152 687 1221 735 nos
1236 670 1435 736 seducimus

252 789 253 794 ’
334 779 371 841 et
393 776 549 839 ueritas
570 775 608 835 in
632 769 746 834 nobis
777 787 848 833 non
878 774 946 834 est.
984 770 1089 852 itaque
1110 773 1136 836 si
1160 773 1298 838 diceutes
1317 792 1367 838 uos
1386 794 1434 838 nou

334 878 447 944 habere
471 879 630 958 peccatum
655 873 832 946 ueritatem,
854 871 888 936 id
910 877 956 937 est
984 873 1145 940 Christum
1167 893 1228 940 uon
1250 875 1390 942 habemus
1407 878 1433 940 iu

333 983 430 1060 nobis,
454 981 527 1064 quid
551 977 635 1044 aliud
658 975 846 1058 proficimus,
876 976 936 1040 uisi
965 979 1001 1040 ut
1023 993 1079 1041 nos
1100 978 1159 1041 hec
1181 978 1250 1060 ipsa
1269 981 1434 1062 professione

333 1105 369 1151 ex
391 1084 604 1167 peccatoribus
626 1083 792 1146 sceleratos
814 1085 908 1162 etque
938 1079 1052 1162 impios
1074 1082 1288 1165 adprobemus.
1450 1106 1459 1141 u

319 1235 323 1246 ·
375 1207 446 1270 XX.
470 1205 631 1270 Postremo
654 1203 680 1266 si
704 1203 789 1266 cordi
813 1206 860 1265 est
874 1203 978 1266 uerius
994 1202 1162 1284 explorare,
1189 1205 1296 1268 utrum
1310 1203 1435 1286 possibile

331 1311 372 1375 sit
395 1310 546 1373 humanae
570 1307 766 1371 substantiae
789 1307 1005 1371 anamarteton
1028 1307 1192 1387 possidere,
1214 1325 1234 1372 s
1255 1305 1364 1389 quibus
1388 1307 1435 1370 hcc

331 1413 528 1478 manifestius
544 1412 660 1476 discere
676 1411 847 1492 poterimus
863 1425 955 1490 quam
972 1409 1010 1472 ab
1026 1408 1074 1472 his
1088 1410 1142 1490 qui
1170 1427 1325 1475 caruem
1345 1427 1435 1475 susm

330 1516 621 1581 erucifixerunt
666 1531 750 1578 cum
795 1513 911 1577 uitiis
947 1514 988 1576 et
1031 1515 1379 1594 concupiscentiis,
1409 1515 1435 1576 ct

330 1619 536 1702 quibnsuere
559 1617 785 1682 crucifixus
808 1619 867 1679 est
890 1616 1076 1680 mundus?
1097 1615 1150 1698 qui
1166 1619 1292 1681 cumdc
1308 1617 1460 1682 cordibusu

329 1725 392 1786 suis
422 1740 483 1786 uon
513 1721 614 1786 solum
644 1719 796 1784 radicitus
829 1720 907 1782 uitia
929 1721 1074 1782 uniuersa
1096 1719 1320 1803 ccuuuissriut,
1342 1737 1435 1784 nomm

279 1827 284 1835 '
329 1826 421 1888 etiam
438 1825 644 1909 'cogitationes
661 1841 697 1886 ac
714 1822 894 1887 memoriam
908 1823 1106 1902 peccatorum
1118 1823 1433 1896 consuturercludoro,

328 1929 531 1994 nihilomiuus
553 1933 658 1991 tamen
681 1927 792 1990 cotidie
815 1925 949 1990 fideliter
971 1923 1157 2008 profitentur
1179 1945 1219 1990 me
1243 1943 1305 1990 uua
1326 1925 1434 2009 quidem

328 2032 404 2096 hora
425 2031 548 2095 macula
570 2049 602 2094 se
626 2048 714 2111 posse
741 2047 846 2092 carere
870 2029 999 2110 peccati.

369 2151 455 2216 XXI.
479 2151 545 2216 Nec
569 2155 673 2214 tamen
698 2167 734 2212 er
758 2167 793 2213 eo
816 2149 963 2212 debemus
988 2167 1044 2212 uos
1066 2169 1085 2214 a
1106 2150 1263 2215 dominica
1279 2151 1460 2216 communi-u

210 2321 213 2330 ,
326 2275 383 2320 one
412 2253 605 2336 suspendere,
636 2253 709 2336 quia
732 2271 785 2318 nos
808 2253 1004 2334 agnoscimus
1028 2254 1215 2334 peccatores,
1240 2259 1294 2318 sed
1317 2255 1353 2318 ad
1376 2271 1433 2317 eam

325 2359 424 2442 magis
440 2376 476 2421 ac
492 2355 590 2438 magis
606 2363 653 2418 est
668 2359 795 2437 propter
809 2356 933 2420 animae
948 2355 1134 2419 medicinam
1149 2373 1186 2419 ce
1200 2355 1432 2438 purificationem

325 2462 452 2543 spiritus
476 2459 564 2523 auide
588 2459 812 2533 festinandum,
844 2461 1059 2522 uerumtamen
1086 2476 1123 2522 ea
1138 2459 1318 2523 humilitate
1334 2459 1434 2523 meotis

325 2581 361 2627 ao
385 2563 454 2646 fide,
478 2567 514 2627 ut
536 2563 681 2645 indignos
704 2581 758 2625 uos
781 2562 977 2642 perceptione
1007 2564 1116 2626 tantae
1139 2563 1261 2644 gratiae
1277 2563 1433 2627 iudicantes

324 2665 461 2729 remedia
493 2665 595 2747 potius
627 2663 740 2728 uostris
770 2666 951 2728 uulneribus
983 2673 1177 2747 expetamus.
1223 2665 1359 2747 alioquin
1388 2679 1460 2726 necs
1508 2700 1509 2717 2

325 2765 538 2832 anniuersaria
572 2767 698 2850 quidem
733 2768 826 2850 digne
858 2772 905 2830 est
938 2768 1163 2850 praesumenda
1197 2771 1377 2850 commuuio,
1404 2769 1434 2828 ut

323 2871 451 2954 quidam
485 2871 616 2947 faciunt,
652 2871 704 2953 qui
738 2871 769 2936 in
806 2870 1003 2935 monasteriis
1036 2872 1242 2936 consistentes
1277 2873 1323 2937 its
1347 2889 1433 2936 sacra

322 2975 496 3038 mentorum
514 2973 696 3038 caelestium
714 2971 900 3055 dignitatem
914 2975 946 3036 et
957 2973 1239 3039 sanctificationem
1251 2993 1288 3040 ac
1301 2975 1433 3039 meritum

322 3079 506 3152 metiuntur,
530 3079 568 3141 ut
590 3076 760 3140 aestiment
777 3093 812 3138 ec
826 3093 888 3139 nou
908 3076 967 3139 nisi
991 3079 1114 3141 sanctos
1129 3083 1224 3158 atque
1238 3068 1432 3142 inmaculatos

220 3187 223 3191 '
322 3181 430 3245 dehere
459 3199 663 3262 praesumere,
694 3185 725 3242 et
755 3199 815 3244 mon
844 3179 949 3261 potius
970 3183 1005 3242 ut
1026 3184 1152 3245 sanctos
1175 3183 1367 3263 mundosque
1386 3189 1459 3241 noso

291 3295 376 3360 2sua
398 3284 633 3366 participatione
655 3283 827 3366 perficiant.
863 3284 916 3363 qui
932 3284 1069 3363 proiecto
1086 3285 1235 3348 maiorem
1250 3280 1432 3366 arrogantiae

321 3387 610 3469 praesumptionem,
634 3405 726 3467 quarn
751 3387 907 3449 declinare
930 3386 989 3451 sibi
1008 3385 1165 3462 uidentur,
1182 3386 1357 3469 incurrunt,
1371 3384 1432 3467 quis

320 3489 371 3553 uel
387 3489 460 3553 tunc
478 3509 546 3552 cum
563 3507 599 3551 ea
615 3491 792 3572 percipiunt
807 3487 917 3572 dignos
933 3509 964 3554 se
976 3509 1040 3554 esse
1052 3491 1249 3573 perceptione
1261 3491 1430 3556 diiudicmt.

420 3661 437 3712 8
455 3661 516 3713 Gal.
533 3662 558 3724 5,
578 3661 612 3712 24
715 3661 748 3713 10
766 3660 784 3712 l.
803 3677 824 3713 c.
845 3661 870 3723 6,
890 3661 922 3714 14

368 3813 561 3880 4prosecimus
580 3813 637 3867 BF
710 3815 896 3883 tanquam?
970 3816 1176 3885 iinpXXIB
1203 3817 1311 3872 XXIF
1334 3811 1429 3871 xvflss

318 3897 358 3950 Κι
462 3901 681 3952 iaucrnarteton
708 3900 743 3954 0:
774 3901 978 3954 ausmsrthetou
1000 3901 1058 3956 redi.
1163 3901 1196 3956 13
1219 3903 1331 3956 cottidie
1345 3900 1373 3955 Κ

319 3986 352 4038 14
370 4000 471 4038 carcere
488 3985 541 4039 1⁴³¹:
571 4003 620 4038 our.
640 3985 672 4038 K
775 3987 807 4039 15
823 3985 884 4053 de
901 3986 1025 4041 xxiia
1054 3986 1183 4041 xxiia
1285 3989 1316 4041 17
1336 3987 1429 4053 scpod

316 4071 487 4140 medicinam]
506 4077 534 4124 ct
553 4071 627 4124 OKo
715 4072 915 4141 1802101111
1001 4073 1036 4128 w
1052 4078 1206 4140 crpetcmus
1223 4073 1254 4127 F
1276 4079 1428 4142 crpcctcruus

319 4157 533 4226 Oexpectamus
551 4157 592 4210 K¹
679 4159 781 4226 alioqui
799 4159 841 4212 K¹
928 4160 958 4212 21
979 4161 1164 4214 anniuersario
1181 4160 1215 4214 K
1302 4161 1335 4214 23
1350 4157 1427 4225 digui-

317 4247 374 4296 tate
400 4249 427 4295 ct
450 4243 661 4296 sanctificatione
685 4242 742 4296 BF
852 4245 887 4296 24
908 4246 1078 4298 mentiuntur
1102 4246 1126 4300 0
1234 4246 1359 4298 extiment
1377 4257 1427 4294 cam

317 4329 339 4385 0
441 4331 474 4382 25
494 4333 524 4381 ut
542 4343 593 4381 oro.
612 4327 643 4380 K
744 4329 778 4383 26
795 4331 917 4398 perficias
934 4331 1015 4386 Bao
1114 4333 1149 4386 28
1165 4331 1293 4399 quumo
1376 4343 1426 4381 esso

316 4413 385 4468 BF:
415 4415 470 4466 eius
492 4413 546 4468 ΘΚ
550 4431 566 4466 a
