3092 4967
538 412 699 468 Conlatio
722 414 812 481 XXII,
834 415 857 469 1.
1196 418 1260 487 615

211 603 268 670 XI.
291 601 380 682 Quod
415 603 447 669 in
484 604 690 671 similitudine
726 604 830 671 earnis
866 605 986 687 peooati
1020 606 1104 671 solos
1138 609 1260 672 uenerit

289 706 444 775 Christus.

193 810 269 876 XII.
292 808 380 889 Quod
403 812 479 877 iusti
502 813 535 877 et
548 813 649 877 munti
664 831 769 879 omnes
784 831 845 879 non
861 812 979 878 fuerint
994 813 1027 897 ip
1043 813 1258 891 similitudine,

290 914 400 980 sedin
423 914 558 980 ueritate
581 915 708 996 peooati.

112 1043 124 1081 s
173 1016 265 1083 XIII.
289 1015 376 1096 Quod
398 1036 460 1083 non
482 1020 548 1083 sint
570 1022 637 1084 tam
664 1018 772 1103 grania
794 1022 924 1100 peoeata
944 1020 1131 1095 sanctorum,
1155 1021 1192 1083 nt
1213 1021 1258 1084 eis

291 1122 435 1188 auferant
457 1123 605 1187 moritum
627 1122 814 1189 sanotiiatis.

156 1224 266 1290 XIIII.
291 1225 450 1306 Quomodo
473 1226 718 1309 intellegendum
737 1226 781 1291 sit
793 1225 874 1291 illud
889 1227 1038 1309 apostoli:
1061 1245 1135 1293 non
1158 1227 1258 1293 enim

289 1333 388 1410 quod
411 1330 501 1395 uolo
528 1329 635 1395 facio
659 1330 810 1396 bonnm.

198 1431 269 1500 XV.
292 1432 445 1517 Obieotio,
475 1452 509 1499 eo
532 1432 613 1515 qood
636 1452 672 1499 ex
694 1434 891 1516 pennatorum
919 1432 1025 1515 potins
1047 1451 1179 1517 persona
1199 1434 1259 1499 hoo
1293 1479 1296 1483 ι

98 1562 123 1601 ιο
288 1537 447 1617 apostolus
466 1536 580 1601 dixisse
606 1536 773 1603 credendus
796 1537 849 1601 sii.

178 1636 264 1704 XVI.
288 1639 405 1705 Dilstio
427 1640 604 1721 propositae
626 1640 828 1721 quaestionis.
865 1659 869 1682 ¹

177 2100 200 2165 l.
225 2098 304 2164 Post
337 2100 402 2165 dies
430 2099 526 2164 ferme
559 2107 679 2182 septem
714 2099 1016 2183 Quinquagensimae
1050 2100 1258 2167 sollemnitate

129 2205 292 2268 transacta
321 2221 390 2267 enm
419 2202 451 2266 in
474 2202 541 2286 ipso
564 2204 663 2268 noetis
685 2204 786 2281 Initio,
817 2204 849 2267 id
873 2206 920 2267 est
942 2208 1013 2286 post
1043 2204 1174 2285 synaxin
1203 2221 1258 2267 ue·

129 2305 303 2389 spertinam
326 2308 495 2389 promissae
521 2307 742 2389 disputationIs
765 2307 976 2389 expeotnti0no
999 2307 1140 2389 suspensi
1155 2308 1256 2371 saneti

96 2410 278 2481 q'l'heonae
300 2409 448 2473 cellulam
471 2409 639 2474 fuissemus
661 2410 802 2493 ingressi,
826 2408 926 2473 aluoer
947 2426 1041 2472 senex
1055 2408 1150 2473 hilari
1164 2410 1258 2473 uultu

129 2532 168 2577 ao
203 2512 318 2579 blando
352 2531 408 2579 nos
440 2514 524 2595 prior
557 2531 697 2577 sermone
735 2510 922 2594 conpellans,
961 2510 1108 2587 mirabar,
1145 2513 1256 2594 iuquit,

129 2614 389 2681 ardentissimum
403 2616 542 2680 studium
557 2616 695 2680 uestrum
711 2615 759 2683 his
774 2622 893 2697 septem
905 2612 1014 2678 diebus
1028 2612 1257 2679 absolutionem

129 2718 311 2802 propositae
334 2720 524 2799 quaestionis
553 2718 693 2801 potuisse
723 2717 847 2783 differre
870 2717 903 2782 et
924 2716 1056 2783 debitori
1079 2735 1144 2795 suo,
1166 2737 1257 2801 prae·

129 2822 222 2905 oipne
260 2840 322 2886 non
358 2822 489 2903 roganti,
528 2820 709 2887 dilationem
746 2822 830 2886 tanti
865 2821 1015 2903 temporis
1050 2820 1255 2904 praestitisse.

95 2924 342 3003 „iustissimum
364 2924 492 3007 prolude
515 2928 572 3005 est,
598 2929 634 2989 nt
655 2924 729 3007 qnia
750 2924 835 2991 ultro
856 2922 936 2988 mihi
959 2924 1136 3007 benignitas
1150 2927 1286 2991 nostrat

127 3034 199 3095 tam
227 3028 332 3111 largas
361 3030 515 3095 oonoessit
543 3028 692 3109 indutias,
722 3047 779 3113 ogo
808 3048 930 3111 qnoque
958 3046 1077 3094 moram
1103 3030 1134 3093 in
1157 3029 1256 3093 debiti

129 3132 339 3198 redhibitione
372 3150 432 3197 non
465 3131 589 3197 faulam.
631 3135 720 3215 mata
752 3150 886 3215 namque
917 3135 965 3196 est
997 3132 1089 3197 huius
1122 3131 1255 3197 faenoris

129 3236 303 3317 oooupatio,
334 3254 411 3317 quae
441 3235 560 3300 maiora
591 3235 665 3301 dnm
697 3236 830 3301 soluitur
856 3238 1025 3320 augmenta
1046 3234 1202 3317 oonquirit
1224 3236 1257 3299 et

233 3456 249 3510 7
271 3456 345 3511 Rom.
365 3456 390 3523 7,
410 3456 442 3510 19

182 3663 198 3716 1
219 3660 428 3717 similitudidem
451 3662 474 3717 O
575 3663 592 3717 3
610 3662 816 3717 similitudinem
836 3662 877 3717 K¹
978 3664 1075 3719 duolo
1091 3648 1142 3719 boo
1161 3665 1188 3719 B

128 3750 160 3805 11
187 3748 361 3816 quaestionis.
390 3748 546 3817 llxplioiuni
568 3748 688 3817 capilula
711 3749 769 3803 BF
812 3749 927 3803 liniunt
948 3750 1067 3818 capitula
1091 3751 1109 3820 β
1155 3750 1256 3821 Inoipii

128 3833 248 3889 oonlatio
266 3832 373 3887 abbatis
390 3834 504 3887 theonae
521 3833 554 3888 do
571 3834 710 3889 noeturniu
728 3834 908 3889 inlusionibus
925 3835 1113 3903 (Inoipitudd.
1125 3836 1176 3901 K¹)
1195 3852 1255 3891 oon-

128 3920 197 3974 labio
219 3917 260 3971 ·V-
283 3916 313 3988 βε
340 3936 390 3973 om.
407 3919 466 3975 BF
498 3918 616 3989 Explioit
632 3918 761 3987 capitula.
795 3919 896 3989 Incipit
914 3922 1031 3976 oonlatio
1048 3921 1176 3977 nioesima
1193 3922 1255 3977 soda

132 4008 156 4061 0
255 4006 288 4059 12
306 4003 359 4059 Iane
376 4004 417 4059 F·
509 3992 745 4073 quinquagesimae
763 4004 844 4059 BFO
860 4012 891 4059 ut
908 4006 995 4060 solent
1087 4007 1197 4061 solemn.
1215 4009 1254 4063 1³¹

128 4093 162 4147 K
248 4091 280 4145 13
296 4090 325 4144 in
337 4106 387 4145 om.
404 4091 443 4161 βτ
528 4090 557 4145 id
569 4092 672 4145 estem.
691 4090 721 4145 F
778 4092 908 4145 ‘sinaxin
922 4090 1005 4146 ΒΕΘ
1030 4092 1187 4162 synaximfl

129 4180 162 4233 16
174 4176 270 4247 inquid
282 4174 446 4232 B¹FOK¹Z
536 4178 567 4231 18
579 4176 770 4246 praeeipuam
856 4177 887 4230 21
901 4177 1052 4247 Indnoiaufl
1142 4179 1255 4233 22rodi·

128 4264 231 4319 bItione
249 4260 386 4325 (dieras.
397 4278 432 4315 m.
445 4266 475 4327 2)
489 4263 516 4316 B
529 4269 555 4315 et
568 4262 635 4316 K'Z
659 4262 835 4317 rethibitione
850 4263 907 4318 FO
992 4263 1106 4317 faenoris
1119 4265 1158 4319 F:
1185 4266 1254 4319 foen.

127 4348 227 4408 ΒΓΖ
255 4346 353 4401 fenoris
375 4348 439 4403 OK¹
541 4348 575 4401 23
595 4351 736 4403 aucmenta
754 4348 796 4401 Κι
