3092 4967
312 453 377 519 272
704 448 866 503 Iohannis
889 448 1047 505 cassiani

312 641 455 722 praebuit
487 640 680 723 temptaturi.
718 640 849 723 denique
883 640 1040 724 sequitur:
1070 642 1136 707 sed
1165 641 1294 711 libera
1323 658 1416 705 noua

314 743 428 821 mulo,
459 742 493 806 id
522 747 579 819 est,
602 761 641 808 ne
662 744 828 825 permittas
851 760 906 809 nos
929 762 949 809 a
970 743 1095 810 diabolo
1124 745 1273 826 temptari
1294 762 1376 826 supra
1392 745 1415 809 il

219 914 223 922 ,
314 846 395 928 qnod
416 864 590 929 possumus,
612 846 734 911 sediac
755 864 838 911 eum
860 848 1129 929 temptatione
1152 851 1189 913 et
1212 848 1367 928 exitum,
1385 848 1417 909 nt

313 952 511 1016 sustinere
532 950 738 1032 possimus.

353 1052 491 1119 XXIIII.
521 1051 643 1119 Videtis
673 1072 747 1136 ergo
777 1052 881 1135 qualis
912 1053 1000 1120 nobis
1030 1053 1070 1119 ab
1101 1055 1168 1137 ipso
1198 1055 1253 1137 qni
1274 1074 1328 1138 per
1347 1054 1441 1119 iluna

313 1156 484 1223 exorandus
505 1160 553 1220 est
573 1156 676 1223 indice
699 1155 850 1221 orationis
872 1156 916 1221 ait
938 1157 1083 1223 modulus
1107 1158 1140 1221 et
1155 1156 1257 1222 forma
1272 1157 1418 1241 proposita

312 1260 346 1323 in
375 1278 436 1341 qua
464 1260 553 1326 nulle
581 1260 763 1326 diuitiarum
792 1261 913 1343 petitio,
945 1260 1032 1327 nulla
1061 1262 1213 1327 memoria
1235 1263 1418 1344 dignitatum,

312 1364 400 1428 nulla
432 1367 613 1447 potentatus
644 1382 681 1429 ae
714 1364 910 1431 fortitudinis
943 1365 1123 1447 postulatio,
1160 1365 1248 1431 nulla
1280 1382 1419 1448 corporeae

313 1470 459 1534 sanitatis
482 1488 537 1535 seu
566 1468 749 1553 temporalis
776 1470 860 1535 uitas
882 1468 1001 1536 mentio
1024 1471 1212 1535 continetur.
1252 1469 1331 1535 nihil
1352 1470 1419 1533 euin

312 1571 464 1636 caduem
495 1572 565 1637 uult
594 1590 614 1637 a
640 1590 683 1655 se,
713 1572 793 1637 nihil
822 1571 894 1652 uile,
921 1571 1003 1637 nihil
1025 1572 1195 1655 temporale
1218 1574 1444 1637 aetsmitatuno

313 1673 454 1739 eonditor
475 1676 635 1759 inplorari.
671 1677 779 1757 itaque
802 1674 1053 1756 magnificentiae
1070 1677 1136 1742 eins
1152 1695 1188 1741 ac
1202 1672 1420 1741 munificentiae

313 1778 480 1842 maximam
508 1777 669 1860 inrogabit
697 1778 856 1859 iniuriam,
883 1779 1013 1862 quisque
1035 1778 1085 1843 hie
1107 1780 1307 1862 sempiternis
1329 1776 1420 1861 petiti·

312 1880 423 1945 onibus
453 1879 677 1963 praetermissis
705 1880 923 1947 transitorium
953 1881 1074 1964 aliquid
1105 1886 1136 1947 et
1165 1884 1316 1947 caducum
1338 1880 1373 1947 ab
1393 1896 1420 1943 eo

312 1984 460 2048 maluerit
486 1983 653 2065 postulone,
683 1984 715 2049 et
742 1983 891 2049 offensam
920 1984 1023 2067 potins
1057 2004 1149 2067 quam
1185 1984 1421 2068 propitiationem

313 2086 426 2151 indicis
448 2087 497 2151 sni
519 2087 642 2153 uilitate
665 2087 814 2153 orationis
840 2088 987 2153 incurret.
1430 2108 1448 2149 n
1513 2160 1514 2171 χ

355 2188 453 2255 XXV.
476 2192 561 2256 Haec
583 2190 681 2272 igitur
703 2191 801 2255 oratio
825 2190 901 2257 licet
922 2209 1046 2257 omnem
1070 2192 1215 2259 uideatur
1238 2189 1422 2275 perfectionis

312 2294 538 2376 plenitudinem
561 2294 726 2371 continere,
750 2298 861 2376 utpote
885 2314 963 2378 quae
986 2295 1083 2378 ipsius
1108 2297 1227 2363 domiui
1250 2294 1424 2362 auctoritato
1513 2306 1514 2365 l

313 2397 364 2462 uel
392 2397 521 2463 initiata
547 2397 590 2461 sit
617 2396 670 2462 nel
697 2400 830 2477 statuta,
860 2399 1001 2481 prouehit
1025 2402 1131 2464 tamen
1158 2398 1343 2465 domesticos
1364 2413 1424 2463 suos

312 2502 352 2565 ad
367 2501 459 2565 illum
473 2500 714 2583 praecelsiorem
728 2520 821 2584 quem
837 2501 980 2583 superius
992 2502 1304 2568 commemorauimus
1317 2504 1425 2567 statum

312 2622 424 2685 eosque
444 2603 484 2669 ad
505 2604 595 2669 illam
618 2605 743 2689 igneam
765 2621 803 2667 ac
824 2604 986 2687 perpaucis
1015 2608 1174 2689 cognitam
1196 2606 1248 2671 uel
1270 2608 1451 2688 expertarum
1514 2662 1515 2669 ,

312 2708 409 2772 immo
436 2709 473 2773 ut
502 2710 642 2791 proprius
669 2708 801 2773 dixerim
828 2708 1018 2775 ineffabilem
1044 2710 1216 2775 orationem
1238 2710 1335 2791 gradu
1357 2707 1425 2771 emi·
1514 2710 1515 2713 ’

313 2810 454 2877 uendere
474 2811 627 2895 perducit,
650 2829 729 2893 quae
744 2829 868 2876 omnem
883 2816 1106 2879 transcendens
1121 2812 1296 2879 humanum
1310 2826 1426 2877 sensum

313 2914 400 2980 nullo
429 2932 489 2979 uon
518 2913 620 2979 dicam
647 2932 721 2979 sono
750 2915 836 2981 uocis
859 2934 916 2981 nec
938 2916 1065 3000 linguae
1087 2920 1174 2981 motu
1198 2934 1254 2981 nec
1275 2914 1343 2979 ulla
1364 2930 1425 2977 ner·

313 3021 421 3085 borum
449 3018 703 3100 pronuntiatione
732 3018 947 3102 distinguitur,
976 3020 1030 3084 sed
1056 3038 1150 3101 quam
1172 3037 1261 3083 meus
1284 3017 1427 3083 inlusione

312 3122 454 3189 caelestis
476 3122 563 3188 illius
585 3123 713 3189 luminis
735 3123 904 3189 inlustrata
930 3140 991 3189 nen
1013 3123 1159 3189 humanis
1181 3126 1276 3205 atque
1291 3118 1454 3204 angustae

312 3225 454 3310 designat
486 3225 630 3309 eloquiis,
663 3225 718 3291 sed
750 3226 944 3311 conglobatis
981 3226 1125 3294 sensibus
1158 3228 1245 3291 uelut
1279 3226 1317 3292 de
1348 3222 1428 3289 fonte

311 3330 445 3411 quodam
466 3329 675 3412 copiosissimo
690 3330 822 3396 effundit
837 3330 974 3396 ubertim
990 3334 1085 3414 atque
1101 3328 1300 3397 ineffabiliter
1314 3329 1427 3393 eructat

312 3436 351 3499 ad
378 3434 483 3513 deum,
511 3436 601 3501 tanta
627 3453 772 3518 promens
794 3434 828 3501 in
850 3434 905 3501 illo
933 3434 1120 3503 breuissime
1147 3434 1295 3516 temporis
1310 3435 1427 3515 puncto,

312 3539 428 3619 quauta
449 3556 506 3602 nec
526 3538 628 3621 eloqui
652 3538 743 3604 facile
765 3556 822 3602 nee
847 3555 1024 3621 percurrere
1047 3557 1135 3603 mens
1159 3538 1191 3601 in
1213 3540 1313 3603 semet
1335 3537 1427 3618 ipsam

416 3721 428 3771 1
448 3716 498 3771 Mt.
516 3717 541 3781 6,
561 3718 594 3772 13
696 3716 823 3773 31001.
842 3718 883 3783 10,
903 3716 936 3772 13

365 3884 558 3952 ltemptaturi
578 3882 615 3937 V¹
707 3881 851 3937 ddiabnlo
873 3882 987 3938 VDPX
1077 3897 1156 3951 super
1174 3880 1226 3937 ΟΡ
1316 3874 1431 3947 {equuleo

310 3968 351 4023 D¹
432 3969 596 4024 timodnsD
679 3971 707 4023 11
721 3968 847 4024 conditur
863 3969 898 4023 17ι
981 3968 1013 4021 12
1025 3967 1147 4037 quisquis
1160 3965 1205 4020 Pe
1288 3966 1320 4020 13
1331 3958 1431 4031 aliquod

311 4054 341 4108 D
438 4055 470 4110 14
488 4056 626 4125 postulare
647 4056 674 4110 V
766 4056 798 4110 15
816 4056 935 4109 incurret
957 4054 1024 4109 OX:
1053 4053 1166 4107 incurrit
1185 4050 1236 4105 VD
1331 4050 1362 4105 16
1377 4062 1431 4117 per·

310 4142 454 4195 lectionem
472 4141 651 4209 plenitudinis
673 4142 700 4196 V
786 4141 822 4195 20
839 4144 887 4196 aut
904 4140 1044 4210 propaucir
1061 4139 1093 4194 D
1177 4136 1211 4191 22
1229 4136 1326 4206 pdncit
1342 4134 1369 4189 D

311 4227 345 4283 23
362 4244 416 4282 non
432 4227 525 4284 ortuo
621 4230 655 4284 al
672 4228 766 4298 quam]
784 4227 848 4296 qnia
866 4228 903 4294 (ia
920 4228 1028 4291 inrue.)
1051 4225 1078 4280 V
1160 4224 1195 4278 25
1212 4223 1300 4291 adque
1321 4219 1369 4276 VP

312 4316 345 4368 26
367 4314 413 4385 de]
437 4314 502 4371 eO
603 4316 638 4371 27
660 4316 755 4371 effudit
776 4313 816 4368 D'
920 4314 1006 4383 adque
1027 4311 1105 4369 VOP
1205 4306 1369 4365 eructuatO

311 4400 345 4455 29
362 4400 421 4471 ipsa
438 4401 468 4456 D
