3092 4967
322 456 387 523 554
716 452 881 506 Iohannis
902 451 1059 507 Cassiani

362 646 386 710 I.
409 644 568 712 Praeclari
592 661 629 708 ac
650 644 819 727 singularis
841 642 902 708 uiri
925 640 1049 707 abbatie
1071 638 1188 705 Pinuiii
1209 640 1249 704 de
1264 638 1325 704 fine
1339 639 1435 722 paeni·

319 750 436 815 tentiae
468 748 634 830 praecepta
668 746 809 812 dicturus
845 762 991 830 magnam
1029 744 1179 810 materiae
1214 745 1336 826 partem
1367 741 1437 807 mibi

319 853 425 918 uideor
447 856 617 935 amputare,
647 852 673 917 si
696 850 889 916 humilitatis
912 850 978 915 eius
1000 850 1134 925 laudem,
1166 866 1260 931 quam
1283 849 1316 913 in
1338 850 1436 929 quarto

318 956 552 1021 institutionum
584 955 674 1035 libro,
703 954 757 1037 qui
781 957 829 1019 est
858 972 950 1035 super
972 952 1172 1017 instituendis
1193 948 1438 1016 renuntiantibus

317 1058 477 1138 titulatus,
500 1058 589 1125 breui
611 1076 753 1123 sermone
773 1055 972 1140 praestrinri,
996 1055 1122 1122 lectoris
1143 1055 1270 1121 fastidio
1286 1053 1465 1120 consuleres

317 1162 369 1227 bic
384 1162 509 1229 silentio
524 1161 789 1245 praetermittam,
805 1180 876 1226 oum
891 1160 1078 1243 praesertim
1092 1158 1190 1224 multi
1204 1158 1292 1223 illins
1307 1156 1438 1240 opusculi

317 1265 465 1331 notitiam
488 1284 550 1331 non
572 1265 722 1333 habentes
744 1266 778 1331 in
800 1264 881 1329 hauc
906 1264 1029 1345 possint
1049 1264 1205 1327 incurrere
1227 1260 1390 1327 lectionem
1410 1262 1437 1324 et

317 1370 418 1435 omnis
448 1370 602 1435 dictorum
631 1369 761 1434 uacitlet
784 1368 965 1446 auctoritas,
996 1367 1024 1432 si
1046 1368 1180 1433 dicentis
1202 1366 1351 1430 meritum
1372 1366 1435 1429 sub

285 1470 469 1540 serenatur.
506 1473 558 1538 hie
580 1472 735 1555 siquidem
760 1490 832 1539 cuni
854 1472 938 1537 haud
959 1472 1052 1555 longe
1067 1489 1088 1537 a
1102 1470 1295 1553 Panephyei,
1310 1468 1436 1552 Aegypti

313 1575 352 1640 ut
372 1575 441 1639 illio
463 1575 582 1641 dietum
605 1580 653 1641 est
669 1575 807 1655 ciuitate,
824 1574 920 1641 abbas
935 1577 968 1639 et
982 1575 1145 1657 presbyter
1160 1573 1284 1658 ingenti
1299 1565 1461 1637 coenobice

313 1678 503 1762 praesideret
536 1680 721 1762 tantumque
756 1697 827 1745 eum
861 1680 971 1745 omnis·
995 1678 1053 1743 illa
1091 1677 1251 1760 prouincia
1289 1675 1435 1741 nautum

314 1798 442 1845 suarum
464 1785 559 1863 atque
582 1786 742 1866 signorum
764 1781 867 1866 gloria
889 1781 1095 1859 subleuaseet,
1129 1783 1165 1845 ut
1186 1780 1248 1844 sibi
1271 1780 1335 1844 iam
1357 1778 1432 1843 uide

313 1888 400 1949 retur
428 1883 635 1949 retributione
664 1884 767 1950 laudis
799 1885 955 1950 humanae
976 1886 1120 1951 laborum
1141 1902 1270 1948 snorum
1294 1882 1433 1963 recepisse

313 1988 496 2067 mercedem,
527 1988 643 2052 timens
673 2006 712 2053 ne
738 1987 801 2054 eibi
820 1988 999 2070 specialiter
1020 1987 1125 2053 innisa
1146 1985 1306 2068 popularis
1328 1984 1432 2051 iuuene

312 2090 448 2155 inanitas
463 2090 602 2156 fructum
617 2090 752 2173 praemii
768 2094 918 2157 moueret
934 2092 1063 2174 aeterni,
1082 2091 1205 2155 occulte
1219 2087 1460 2155 monasteriumu

312 2212 405 2259 suum
434 2193 557 2277 fugiens
587 2194 627 2259 ad
655 2195 770 2261 intima
799 2194 1053 2260 [tabennensium
1078 2193 1303 2261 monachorum
1326 2192 1433 2258 seurota

312 2296 480 2377 contendit,
509 2298 565 2364 ubi
595 2316 658 2363 non
687 2297 808 2365 heremi
836 2298 1049 2382 solitudinem,
1081 2315 1145 2363 non
1167 2295 1337 2380 singulaene
1357 2296 1432 2360 uitae

311 2402 522 2485 remutatern,
538 2419 633 2486 quam
650 2402 747 2467 etiam
761 2401 929 2484 inperfecti
943 2404 1062 2485 quique·
1075 2402 1216 2468 laborem
1227 2396 1431 2466 oboedientiae

310 2505 343 2569 in
367 2504 520 2570 coenobiis
542 2524 605 2570 non
628 2505 764 2570 ferentes
790 2506 924 2588 superba
939 2523 1178 2588 nonnumquam
1192 2502 1432 2587 praesumptione

282 2609 479 2691 tractantur,
509 2607 565 2673 sad
593 2608 795 2674 mbbmrimo
824 2608 979 2692 praelegit
1008 2608 1156 2674 coenobio
1177 2606 1350 2689 subiugari.
1384 2603 1458 2670 ubis

312 2712 428 2788 tamen
459 2732 497 2777 ne
527 2712 593 2777 ullo
623 2712 747 2777 babitus
778 2712 827 2777 sui
848 2715 1031 2795 proderetur
1053 2712 1178 2790 indicio,
1201 2712 1332 2777 indutus
1354 2713 1432 2775 ueste

312 2814 464 2880 saeculari
486 2816 595 2881 multis
621 2816 658 2881 ut
679 2815 857 2882 illicereris
881 2817 928 2881 est
943 2816 1053 2881 diebm
1066 2815 1235 2881 lacrimans
1249 2832 1306 2897 pro
1320 2812 1431 2881 foribus

312 2918 486 3000 exeubauit,
518 2920 612 3002 atque
643 2918 682 2985 ad
709 2921 851 2985 omnium
872 2937 975 3003 genna
996 2920 1179 3003 prouotntns
1200 2922 1272 3001 post
1294 2916 1432 2983 diuturna

310 3021 439 3088 fastidia
461 3040 578 3107 eorum,
602 3022 657 3105 qui
680 3024 720 3088 sd
743 3024 968 3105 explorandum
989 3026 1056 3089 eius
1077 3022 1264 3089 demderinm
1279 3023 1315 3087 in
1329 3020 1432 3087 ultime

309 3142 387 3191 enm·
413 3124 477 3191 iem
509 3130 614 3195 aetate
645 3127 734 3193 uelut
763 3130 803 3193 ob
832 3127 925 3211 panis
958 3128 1130 3209 egestatem
1164 3124 1356 3208 conpulsum
1377 3138 1457 3187 none

310 3229 429 3295 sincere
451 3230 537 3297 illius
559 3230 710 3315 propositi
736 3229 937 3297 sanctitatem
960 3230 1115 3315 expetisse
1129 3228 1291 3312 dicebant,
1313 3226 1429 3293 undem

412 3435 431 3488 4
448 3449 503 3502 cap.
522 3432 625 3489 30-31

362 3604 376 3657 1
403 3603 533 3673 pinnpbii
558 3604 577 3673 β
600 3602 730 3671 (poesim)
833 3604 852 3657 b
878 3602 1162 3673 praestrinxisse:
1191 3598 1431 3673 maimo

309 3690 454 3759 perstrinxi
478 3707 495 3747 v
598 3690 614 3743 6
641 3704 706 3759 qum
732 3688 755 3745 0
855 3690 878 3748 8,
898 3686 1105 3749 uaocillet·BF
1204 3691 1222 3747 9
1245 3687 1373 3761 quara-O

309 3776 358 3845 apt
383 3774 476 3831 B¹FO
504 3776 574 3832 bant
599 3774 682 3830 B²K¹
787 3774 909 3857 peneiesi
934 3774 992 3831 BF
1018 3776 1129 3845 penefiei
1155 3774 1174 3863 β
1204 3774 1373 3846 ριιιοικιθ

308 3861 473 3943 aegyptiae
559 3860 593 3916 10
610 3858 787 3930 presbiterB
879 3862 911 3917 11
930 3860 1097 3931 praesederet
1115 3860 1157 3917 Κ·
1244 3877 1306 3919 enm
1322 3860 1349 3917 ie
1366 3856 1430 3914 omui

308 3948 349 4019 βυ
435 3948 574 4017 pronintia
589 3948 614 4017 p·
704 3948 736 4006 12
754 3947 920 4003 sublenaeset
935 3946 1004 4005 BF:
1032 3946 1207 4009 sublimasset
1226 3948 1292 4020 ope
1307 3948 1341 4013 of.
1357 3940 1431 4008 Vnt

310 4037 354 4101 26,
373 4037 392 4089 3
409 4033 796 4092 summislandibusolenatue
871 4036 904 4091 lb
921 4036 1039 4104 praemio
1056 4032 1095 4091 Βί
1164 4037 1307 4095 moueret
1323 4030 1372 4091 FO

310 4120 618 4193 idthabonaensiumd
644 4119 880 4193 tanenentiumlo-
964 4121 997 4176 17
1009 4120 1202 4177 mutuorum
1294 4122 1327 4178 18
1343 4114 1430 4177 uend-

309 4209 363 4266 teti
381 4206 421 4263 R
507 4204 598 4267 labora
614 4206 675 4265 BF
759 4206 792 4265 19
810 4206 935 4277 snperbia
951 4206 991 4263 B¹
1082 4206 1118 4263 20
1134 4207 1287 4278 protelegit
1302 4206 1343 4263 K¹
1367 4220 1430 4277 pree

308 4292 380 4363 legit
401 4290 424 4349 0
525 4292 560 4347 23
578 4291 675 4347 diurne
693 4291 753 4349 BF
856 4292 892 4347 25
908 4290 943 4347 ob
959 4308 1010 4347 om.
1028 4294 1068 4363 βυ
1165 4296 1287 4363 egerente
1303 4290 1371 4363 Ffflo

307 4377 384 4432 uelut
401 4379 481 4448 punis
499 4380 619 4448 egestate
638 4380 722 4435 etium
740 4377 787 4434 0²:
817 4394 867 4433 oea
888 4377 921 4433 0¹
