3092 4967
323 452 385 519 618
713 450 877 505 Iohannis
895 449 1054 505 Cassiani

323 644 376 708 diu
407 642 437 707 id
468 645 532 709 eius
554 641 656 725 adytis
679 642 874 718 delitescunt,
905 640 1049 723 quamuis
1072 640 1173 724 rigido
1194 658 1305 725 eorpus
1327 640 1437 707 ieiunio

323 745 502 826 castigetur,
519 750 624 811 tamen
639 744 845 810 nibilominus
860 742 1069 810 dormientem
1085 744 1282 809 inlecebrosis
1297 743 1439 826 phantas-

322 848 462 914 matibus
497 849 684 931 inquietant,
719 848 833 931 quibus
867 852 940 913 ante
973 847 1108 933 legitimi
1144 848 1293 931 temporis
1321 867 1439 914 cumam

321 970 381 1018 non
405 954 468 1017 iam
490 972 527 1017 er
550 956 679 1017 naturae
702 952 898 1028 necessitate,
919 951 975 1017 sed
997 952 1099 1017 adnm
1113 972 1149 1017 er
1164 952 1273 1018 frande
1288 952 1440 1036 nequitiae

321 1054 445 1121 obsceni
468 1056 634 1121 eliciantur
656 1074 792 1133 umores,
819 1056 872 1138 qui
895 1072 957 1121 non
978 1056 1046 1121 tam
1067 1056 1222 1123 inanitate
1235 1055 1338 1122 carnis
1352 1072 1468 1139 quone

321 1159 436 1225 mentis
471 1158 748 1242 circumspectione
784 1160 880 1242 atque
919 1159 1049 1239 uirtute,
1086 1160 1115 1224 si
1150 1158 1285 1225 inhiberi
1322 1158 1439 1241 penitus

321 1266 488 1344 nequeunt,
522 1262 628 1327 saltim
662 1260 701 1327 ad
731 1261 820 1327 illam
849 1261 1018 1346 egestionis
1049 1261 1224 1344 simplicem
1257 1262 1439 1343 qualitatem

321 1364 492 1431 auxiliante
514 1366 566 1431 dei
587 1366 690 1448 gratia
704 1364 923 1449 perducuntur.
961 1366 1089 1449 ideoque
1111 1367 1270 1448 inprimis
1291 1368 1440 1433 discmsus
1497 1374 1502 1381 ’

322 1471 564 1535 sunt'sensuum
586 1469 778 1549 cohercendi,
803 1488 841 1534 ne
864 1488 950 1535 mens
976 1470 1046 1535 istie
1068 1470 1243 1545 excessibus
1266 1470 1441 1536 adsuefacta

291 1574 360 1639 bad
383 1572 521 1639 foediora
543 1572 746 1638 incitamenta
768 1571 910 1639 luxuriae
935 1574 1093 1639 somnians
1107 1572 1317 1656 pertrahatur.
1351 1574 1468 1639 tertias

322 1696 413 1743 causa
456 1680 513 1754 est,
557 1692 629 1741 oum
666 1694 720 1759 por
757 1676 931 1742 ordinatam
968 1677 1096 1758 quidem
1129 1680 1233 1760 'atque
1276 1676 1441 1743 sollicitam

321 1778 527 1845 continentiae
562 1778 759 1860 disciplinam
797 1779 984 1845 contritione
1011 1779 1113 1845 cordis
1142 1782 1175 1845 et
1206 1780 1345 1862 eorporis
1376 1798 1441 1861 per·

320 1885 447 1963 petuam
480 1882 678 1945 castimoniae
710 1881 881 1963 puritatem
913 1880 1059 1965 optamus
1092 1882 1267 1965 adquirere,
1300 1882 1358 1947 sed
1389 1900 1440 1947 nos

321 1984 455 2050 utilitati
477 1984 576 2049 cernis
599 2000 636 2049 ao
658 1984 788 2066 spiritus
803 1986 927 2068 egregie
948 1987 1147 2051 consulentes
1162 1984 1440 2051 fraudulentissimi

321 2087 419 2153 hostis
449 2088 494 2153 ita
521 2086 674 2170 inpugnat
702 2086 829 2171 inuidia,
864 2091 909 2166 ut,
944 2089 1019 2154 dum
1053 2086 1171 2153 deicere
1199 2088 1349 2153 fiduciam
1373 2105 1467 2153 con-s

321 2190 469 2257 scientiae
492 2194 615 2255 nostrae
637 2208 753 2273 nosque
776 2189 865 2255 uelut
882 2194 973 2256 reatu
988 2190 1093 2274 aliquo
1115 2190 1282 2255 humiliare
1303 2197 1438 2269 coremur,

321 2294 384 2359 illis
428 2294 592 2378 praecipue
628 2293 746 2367 diebus,
791 2293 903 2375 quibus
946 2295 1065 2359 maiore
1100 2293 1296 2377 integritatis
1336 2294 1440 2359 merito
1525 2379 1526 2386 ἵ

321 2400 530 2465 desideramus
561 2396 669 2461 diuino
698 2396 820 2480 placere
850 2398 1039 2479 conspectui,
1068 2396 1186 2477 absque
1220 2394 1286 2460 uilo
1321 2396 1438 2479 quidem
1525 2417 1526 2462 t

320 2503 421 2568 carnis
444 2500 567 2585 pruritu
589 2500 743 2567 mentisue
766 2516 914 2565 consensu
942 2518 1000 2565 nec
1021 2518 1077 2584 per
1091 2498 1281 2589 inlusionem
1295 2500 1439 2584 phantae

321 2606 414 2671 matis
438 2605 581 2683 alicuius,
608 2603 663 2668 sed
685 2608 790 2669 mmen
812 2602 950 2687 simplici
978 2604 1080 2670 fluxus
1102 2604 1188 2669 illius
1211 2606 1369 2688 egestione
1389 2620 1466 2667 noae

319 2709 447 2792 polluat,
472 2709 509 2772 ut
531 2726 550 2772 a
571 2710 766 2773 sacrosancte
788 2707 994 2771 conmunione
1015 2709 1187 2773 deterreat:
1215 2706 1291 2772 licet
1307 2707 1341 2771 in
1355 2724 1438 2789 quos·

320 2813 392 2877 dam
415 2810 629 2894 incipientium
653 2815 685 2875 et
707 2829 838 2892 quorum
854 2826 981 2892 corpora
998 2809 1132 2875 necdum
1147 2810 1242 2893 longa
1258 2810 1439 2875 ieiuniorum

320 2915 521 2997 castigatione
542 2913 674 2980 tenuata
694 2918 768 2979 sunt
784 2913 823 2980 ob
838 2914 898 2979 boc
912 2912 1067 2980 diabolica
1079 2914 1215 2979 faotione
1229 2914 1309 2979 baec
1322 2914 1438 2979 euenire

320 3020 464 3085 credetur
496 3018 621 3097 inlusio,
657 3019 701 3099 nt,
731 3036 802 3084 cum
829 3036 883 3084 eos
912 3017 1132 3085 intentioribus
1160 3017 1290 3083 ieiuniis
1318 3017 1438 3081 studere
1523 3043 1524 3048 κ

320 3123 510 3207 cognouerit,
533 3140 639 3187 omnes
661 3140 767 3189 eorum
790 3125 918 3187 conatus
935 3122 993 3187 hec
1014 3125 1081 3187 arte
1101 3119 1276 3195 subuertat
1295 3120 1347 3197 nt,
1368 3121 1464 3184 duma
1523 3109 1524 3128 ¹

320 3244 352 3291 ss
380 3244 441 3291 non
470 3224 572 3291 solum
594 3224 674 3289 nihil
695 3226 734 3291 ad
755 3226 928 3308 puritatem
955 3226 1092 3305 corporis
1114 3221 1306 3289 districtiore
1330 3219 1437 3287 ieiunio

319 3328 496 3414 proiecisse,
532 3345 642 3394 uerum
679 3327 777 3411 etiam
804 3329 942 3413 grauius
979 3326 1123 3391 sentiunt
1158 3326 1258 3393 fuisse
1294 3325 1436 3407 pulsatos,

320 3433 504 3516 magistram
536 3430 776 3515 incorruptionis
809 3450 845 3497 ac
878 3431 1024 3514 puritatis
1056 3429 1201 3495 altricem
1234 3426 1437 3493 abstinentiae

291 3532 547 3601 ldistrictionem
580 3540 741 3618 tamquam
774 3535 932 3599 aemulam
965 3534 1211 3615 perhorrescant.
1257 3532 1437 3614 quapropter

1519 2901 1525 2936 t

374 3877 386 3927 1
407 3874 489 3928 aditis
507 3874 587 3929 codd.
688 3873 846 3945 delitiscunt
865 3871 1015 3930 BFOK'Z
1112 3888 1179 3943 qnae
1196 3872 1320 3941 qusmuia
1337 3870 1374 3925 Β·

319 3959 447 4014 ieiunium
470 3960 514 4014 Κι
622 3960 639 4013 2
662 3958 789 4015 fantum.
812 3958 890 4014 codd.
999 3957 1148 4027 b-quibus]
1171 3974 1284 4027 quarum
1308 3957 1375 4011 ΚΖι

319 4046 336 4099 5
355 4045 477 4099 humores
495 4046 558 4116 B‘d
587 4044 741 4102 hamoreO
844 4046 975 4099 leeltem
994 4044 1047 4100 FO
1149 4042 1319 4097 booercendi
1336 4042 1376 4112 βο

322 4132 354 4187 10
373 4131 490 4187 luxoriae
508 4132 533 4187 Ζ
630 4133 663 4187 19
681 4146 834 4187 consensum
855 4131 919 4186 01(ι
1016 4132 1143 4184 fantasm-
1161 4128 1239 4184 codd.
1335 4129 1367 4181 21
1386 4126 1436 4195 poi·

319 4219 378 4272 luat
401 4218 438 4271 Z:
468 4217 566 4286 polluit
588 4218 682 4273 selle
784 4216 819 4271 22
845 4232 935 4270 eornm
963 4216 986 4271 0
1087 4216 1123 4271 23
1150 4214 1183 4268 ab
1209 4214 1241 4269 F
1339 4212 1372 4267 28
1395 4210 1434 4264 de

320 4302 457 4358 strictiore
482 4302 576 4360 B¹F0
693 4302 726 4356 et
754 4302 890 4371 proficisse
915 4300 1011 4357 ΜΖ
1125 4302 1161 4356 28
1186 4301 1324 4355 uictricem
1352 4298 1375 4353 0

319 4390 354 4444 29
372 4390 572 4444 destrictionem
592 4389 649 4443 BF
749 4395 933 4457 perorrescant
949 4388 1012 4444 13¹0
