3092 4967
307 414 350 479 44
697 412 864 467 Iohannis
882 410 1042 467 Cassiani

310 606 346 667 et
369 601 661 683 penetrabilior
682 600 788 667 omni
804 598 1126 686 gladioancipiti
1145 597 1438 683 otpertingeus

310 704 498 787 usquead
522 704 755 771 diuisionem
779 704 931 769 animae
951 722 996 771 ac
1017 703 1203 787 spiritus,
1219 719 1438 785 conpagum

310 824 462 891 quoque
483 824 525 873 ac
547 806 831 890 medullarum,
854 810 893 872 et
913 807 1116 873 discretor
1139 804 1437 887 cogitationum

279 911 349 975 let
372 908 644 975 intentionum
669 911 808 975 cordis.
847 911 958 993 quibus
981 909 1235 974 manifestissime
1257 909 1438 975 declaratur

312 1013 430 1101 nullam
460 1014 527 1089 sine
555 1014 751 1084 discretionis
781 1014 888 1097 gratia
914 1013 1050 1097 perfecte
1071 1030 1159 1099 posse
1181 1012 1232 1076 uel
1254 1010 1361 1093 perlici
1383 1011 1473 1075 uelo

313 1118 394 1181 stare
423 1118 580 1183 uirtutem.
619 1121 651 1181 et
680 1118 726 1181 ita
753 1120 821 1181 tam
848 1115 933 1182 beati
955 1115 1074 1181 Antoni
1103 1133 1196 1198 quam
1218 1112 1438 1180 uniuersorum

311 1221 466 1287 sententia
496 1219 659 1285 delinitum
693 1221 741 1285 est
775 1220 993 1285 discretionem
1027 1237 1102 1299 esse,
1136 1235 1214 1301 quae
1249 1214 1309 1281 fixo
1336 1214 1437 1301 gradu

311 1323 500 1407 intrepidum
517 1323 701 1389 monachum
717 1326 867 1405 perducet
890 1323 930 1388 ad
945 1326 1036 1388 deum
1051 1321 1288 1405 praedictasque
1303 1318 1438 1387 uirtutes

311 1428 426 1511 iugiter
449 1430 608 1493 conseruet
630 1428 774 1508 inlaesae,
799 1446 870 1493 cum
893 1444 955 1511 qua
971 1425 1011 1491 ad
1025 1423 1302 1491 consummationis
1317 1422 1439 1489 excelsa

311 1531 440 1613 fastigia
461 1532 580 1597 minore
602 1530 702 1612 possit
726 1530 913 1613 fatigatione
935 1530 1102 1595 conscendi
1122 1530 1155 1592 et
1177 1528 1243 1593 sine
1264 1545 1327 1609 qua
1341 1525 1473 1590 multiro

312 1635 408 1699 etiam
441 1634 622 1717 propensius
651 1634 828 1699 laborantes
857 1631 1057 1714 perfectionis
1084 1630 1283 1714 nequiuerint
1312 1630 1439 1694 culmen

312 1735 483 1819 adtingere.
538 1736 678 1799 omnium
722 1753 857 1818 namque
899 1735 1056 1800 uirtutum
1099 1732 1288 1817 generatrix,
1331 1732 1439 1798 custos

312 1839 557 1921 moderatrixque
581 1837 726 1903 discretio
749 1842 807 1902 ost.

356 1958 393 2023 V.
427 1958 469 2024 lit
503 1962 539 2024 ut
571 1958 651 2023 hanc
680 1959 808 2037 eandem
841 1958 1052 2023 definitionem
1085 1957 1260 2039 antiquitus
1286 1977 1305 2021 a
1331 1957 1439 2023 sancto

313 2062 449 2127 Antonio
478 2064 510 2125 et
532 2062 641 2127 ceteris
669 2062 810 2141 patribus
838 2061 1065 2144 promulgatam
1085 2078 1194 2127 recens
1215 2078 1336 2142 quoque
1357 2059 1474 2125 sicutu
1532 2121 1533 2124 ,

313 2165 513 2249 promisimus
529 2163 691 2229 confirmet
705 2163 889 2245 exemplum,
913 2163 1040 2229 recolite
1055 2164 1087 2229 id
1103 2164 1185 2248 quod
1201 2180 1299 2244 nuper
1311 2164 1441 2246 gestum
1532 2195 1533 2208 κ

313 2267 473 2335 oculorum
488 2266 663 2332 uestrorum
679 2265 802 2331 uidistis
816 2264 991 2345 obtutibus,
1006 2284 1110 2331 senem
1121 2265 1270 2331 uidelicet
1280 2264 1440 2331 Heronem
1532 2281 1533 2318 1

314 2374 387 2437 ante
409 2388 523 2453 paucos
545 2369 712 2435 admodum
735 2368 800 2434 dies
821 2368 976 2433 inlusione
1000 2367 1117 2435 diaboli
1140 2369 1307 2433 aeummis
1322 2370 1361 2433 ad
1375 2369 1441 2433 ima
1532 2397 1533 2400 ¹

314 2474 479 2550 deiectum,
502 2491 592 2555 quom
609 2472 838 2555 quinquaginta
855 2472 945 2538 annis
960 2472 993 2537 iu
1011 2472 1068 2538 bac
1082 2471 1207 2537 heremo
1223 2472 1440 2537 conmoratum

314 2576 465 2661 singulari
488 2576 682 2641 districtione
703 2574 838 2660 rigorem
861 2576 1072 2643 continentiae
1086 2575 1223 2640 tenuisse
1238 2575 1474 2640 meminimusoo

315 2682 347 2745 et
368 2679 547 2745 solitudinis
569 2680 690 2743 secreta
711 2676 797 2741 ultra
818 2695 924 2743 omnes
946 2677 1000 2742 hio
1022 2680 1249 2743 commorantes
1270 2676 1351 2743 miro
1377 2678 1440 2742 ler-

285 2785 387 2851 2uore
409 2783 575 2847 sectatum.
606 2780 658 2845 bio
680 2780 781 2864 igitur
803 2797 863 2862 quo
885 2781 974 2863 pacto
997 2798 1098 2862 quaue
1115 2779 1237 2847 rationo
1251 2781 1321 2861 post
1334 2782 1441 2847 tantos

314 2886 437 2951 labores
453 2886 491 2951 ab
506 2883 687 2949 insidiatore
703 2882 829 2947 delusus
844 2882 1030 2964 grauissimo
1046 2900 1196 2947 conruens
1208 2884 1300 2966 lapsu
1311 2885 1440 2948 cunctos

314 2992 346 3055 in
369 2989 427 3055 bac
442 2989 567 3053 heremo
583 2988 767 3052 constitutos
784 2986 927 3051 luctuoso
942 2986 1047 3053 dolore
1062 2986 1235 3069 percussit?
1250 3004 1352 3051 nonne
1366 2986 1442 3068 quia

314 3093 418 3157 minus
454 3090 650 3159 discretionis
685 3090 804 3155 uirtute
836 3106 978 3173 possessa
1009 3090 1073 3153 anis
1105 3088 1338 3158 definitionibus
1370 3090 1474 3173 regia

315 3214 408 3278 qnam
445 3194 581 3261 consiliis
620 3194 670 3258 uel
708 3190 939 3257 conlationibus
983 3193 1118 3257 lratrum
1153 3196 1248 3272 etque
1284 3193 1441 3258 institutis

314 3301 466 3365 maiorum
488 3298 600 3363 malmt
622 3296 787 3363 oboedire?
810 3294 965 3378 siquidem
988 3297 1077 3361 tunm
1099 3296 1201 3378 rigore
1222 3295 1441 3361 inmutabilem

315 3399 423 3469 ieiunii
451 3398 676 3467 continentium
704 3417 825 3481 semper
853 3401 990 3465 exercuit
1019 3400 1052 3463 et
1081 3396 1259 3466 solitudinis
1282 3399 1442 3481 cellaeque

315 3508 359 3571 ita
387 3505 502 3587 iugiter
530 3504 647 3569 secreta
673 3504 812 3569 sectatus
838 3507 895 3579 eet,
923 3503 960 3568 ut
982 3502 1021 3568 ab
1042 3519 1077 3567 eo
1098 3502 1369 3585 participationem
1390 3502 1443 3567 in·

315 3608 409 3673 eundi
446 3624 518 3673 cum
553 3605 749 3671 fraternitate
785 3604 922 3670 conuiuii
955 3625 994 3671 ne
1026 3605 1184 3670 ueneratio
1220 3604 1347 3687 quidem
1379 3603 1476 3673 dieieo

286 3710 468 3793 3paeehalis
493 3711 658 3793 aliquando
680 3707 818 3791 potuerit
840 3707 989 3773 obtinere.
1024 3707 1058 3773 in
1080 3726 1142 3791 qna
1156 3706 1306 3774 fratribus
1321 3706 1442 3773 cunctis

367 3966 556 4036 3aclcth
647 3964 789 4019 bentonii
808 3963 866 4017 DX
956 3961 1176 4018 'ldiflnitumD
1260 3963 1315 4015 firu
1332 3960 1374 4015 1)ι

316 4086 596 4145 sconsumeuonun
693 4085 725 4141 12
737 4056 900 4153 genten
992 4082 1116 4151 reexptu
1131 4082 1232 4151 (ueto
1322 4081 1352 4137 ar
1368 4080 1444 4134 uur-

317 4172 446 4227 citudinis
467 4172 514 4228 W¹
618 4171 652 4227 22
675 4174 751 4239 pecto
775 4170 818 4225 Ι)ι
920 4172 954 4225 24
977 4186 1008 4224 ac
1030 4170 1076 4223 W*
1179 4168 1309 4239 perculsit
1325 4166 1356 4223 D
1384 4182 1444 4236 per·

317 4258 423 4313 culitc
524 4258 559 4313 25
583 4258 756 4312 discretiones
779 4256 873 4315 D¹W²
973 4256 1009 4311 26
1030 4255 1117 4326 adque
1138 4255 1176 4311 W
1277 4254 1309 4306 27
1334 4252 1444 4307 molluit

321 4344 369 4401 W¹
471 4345 506 4398 30
524 4344 628 4399 naratio
646 4343 684 4397 W
782 4344 816 4397 31
834 4343 946 4411 pascalis
964 4342 995 4397 X
