<?xml version="1.0" encoding="UTF-8"?>
<!DOCTYPE html PUBLIC "-//W3C//DTD XHTML 1.0 Transitional//EN"
    "http://www.w3.org/TR/xhtml1/DTD/xhtml1-transitional.dtd">
<html xmlns="http://www.w3.org/1999/xhtml" xml:lang="en" lang="en">
 <head>
  <title>
</title>
<meta http-equiv="Content-Type" content="text/html;charset=utf-8" />
  <meta name='ocr-system' content='tesseract 3.04.00' />
  <meta name='ocr-capabilities' content='ocr_page ocr_carea ocr_par ocr_line ocrx_word'/>
</head>
<body>
  <div class='ocr_page' id='page_1' title='image "./iohanniscassian00petsgoog_0027.png"; bbox 0 0 3092 4967; ppageno 0'>
   <div class='ocr_carea' id='block_1_1' title="bbox 566 473 1292 542">
    <p class='ocr_par' dir='ltr' id='par_1_1' title="bbox 566 473 1292 542">
     <span class='ocr_line' id='line_1_1' title="bbox 566 473 1292 542; baseline -0.001 -12"><span class='ocrx_word' id='word_1_1' title='bbox 566 474 730 530; x_wconf 76' lang='lat' dir='ltr'><strong>(lonlctio</strong></span> <span class='ocrx_word' id='word_1_2' title='bbox 753 473 777 539; x_wconf 94' lang='lat' dir='ltr'><strong>I,</strong></span> <span class='ocrx_word' id='word_1_3' title='bbox 795 475 890 529; x_wconf 81' lang='lat'>8-10.</span> <span class='ocrx_word' id='word_1_4' title='bbox 1252 478 1292 542; x_wconf 75' lang='lat'><strong>1&#39;1</strong></span> 
     </span>
    </p>
   </div>
   <div class='ocr_carea' id='block_1_2' title="bbox 131 664 1292 1267">
    <p class='ocr_par' dir='ltr' id='par_1_2' title="bbox 131 664 1292 1267">
     <span class='ocr_line' id='line_1_2' title="bbox 156 664 1291 748; baseline 0.001 -18"><span class='ocrx_word' id='word_1_5' title='bbox 156 664 276 742; x_wconf 89' lang='lat' dir='ltr'><strong>ralis,</strong></span> <span class='ocrx_word' id='word_1_6' title='bbox 307 664 461 748; x_wconf 89' lang='lat' dir='ltr'><strong>inquiens,</strong></span> <span class='ocrx_word' id='word_1_7' title='bbox 493 664 740 731; x_wconf 81' lang='lat' dir='ltr'><strong>exercitatio</strong></span> <span class='ocrx_word' id='word_1_8' title='bbox 769 664 817 729; x_wconf 87' lang='lat' dir='ltr'><strong>ad</strong></span> <span class='ocrx_word' id='word_1_9' title='bbox 845 664 1039 730; x_wconf 90' lang='lat' dir='ltr'><strong>modicum</strong></span> <span class='ocrx_word' id='word_1_10' title='bbox 1069 664 1189 731; x_wconf 85' lang='lat' dir='ltr'><strong>utilis</strong></span> <span class='ocrx_word' id='word_1_11' title='bbox 1210 666 1291 732; x_wconf 84' lang='lat' dir='ltr'><strong>est:</strong></span> 
     </span>
     <span class='ocr_line' id='line_1_3' title="bbox 156 768 1291 853; baseline 0.003 -21"><span class='ocrx_word' id='word_1_12' title='bbox 156 770 287 851; x_wconf 84' lang='lat' dir='ltr'><strong>pietas</strong></span> <span class='ocrx_word' id='word_1_13' title='bbox 303 773 433 835; x_wconf 90' lang='lat' dir='ltr'><strong>autern</strong></span> <span class='ocrx_word' id='word_1_14' title='bbox 451 774 542 851; x_wconf 87' lang='lat' dir='ltr'><strong>(qnae</strong></span> <span class='ocrx_word' id='word_1_15' title='bbox 557 770 625 833; x_wconf 89' lang='lat' dir='ltr'><strong>sine</strong></span> <span class='ocrx_word' id='word_1_16' title='bbox 637 768 733 833; x_wconf 91' lang='lat' dir='ltr'><strong>dubie</strong></span> <span class='ocrx_word' id='word_1_17' title='bbox 745 770 861 834; x_wconf 73' lang='lat' dir='ltr'><strong>caritm</strong></span> <span class='ocrx_word' id='word_1_18' title='bbox 872 768 1081 853; x_wconf 82' lang='lat' dir='ltr'><strong>intellegitur)</strong></span> <span class='ocrx_word' id='word_1_19' title='bbox 1097 769 1143 834; x_wconf 92' lang='lat' dir='ltr'><strong>ad</strong></span> <span class='ocrx_word' id='word_1_20' title='bbox 1159 768 1291 835; x_wconf 88' lang='lat' dir='ltr'><strong>omnia</strong></span> 
     </span>
     <span class='ocr_line' id='line_1_4' title="bbox 157 871 1292 955; baseline 0.001 -18"><span class='ocrx_word' id='word_1_21' title='bbox 157 871 277 937; x_wconf 88' lang='lat' dir='ltr'><strong>utilis</strong></span> <span class='ocrx_word' id='word_1_22' title='bbox 312 875 391 953; x_wconf 89' lang='lat' dir='ltr'><strong>cst,</strong></span> <span class='ocrx_word' id='word_1_23' title='bbox 422 871 725 953; x_wconf 76' lang='lat' dir='ltr'><strong>promissionem</strong></span> <span class='ocrx_word' id='word_1_24' title='bbox 755 872 901 937; x_wconf 83' lang='lat' dir='ltr'><strong>habene</strong></span> <span class='ocrx_word' id='word_1_25' title='bbox 931 873 1042 937; x_wconf 86' lang='lat' dir='ltr'><strong>uitae</strong></span> <span class='ocrx_word' id='word_1_26' title='bbox 1063 890 1163 955; x_wconf 87' lang='lat' dir='ltr'><strong>quae</strong></span> <span class='ocrx_word' id='word_1_27' title='bbox 1188 892 1292 938; x_wconf 91' lang='lat' dir='ltr'><strong>nunc</strong></span> 
     </span>
     <span class='ocr_line' id='line_1_5' title="bbox 159 974 1290 1057; baseline 0.001 -18"><span class='ocrx_word' id='word_1_28' title='bbox 159 976 284 1039; x_wconf 88' lang='lat' dir='ltr'><strong>estet</strong></span> <span class='ocrx_word' id='word_1_29' title='bbox 306 976 482 1042; x_wconf 84' lang='lat' dir='ltr'><strong>futurae.</strong></span> <span class='ocrx_word' id='word_1_30' title='bbox 520 992 597 1056; x_wconf 88' lang='lat' dir='ltr'><strong>quae</strong></span> <span class='ocrx_word' id='word_1_31' title='bbox 631 992 703 1057; x_wconf 82' lang='lat' dir='ltr'><strong>ergo</strong></span> <span class='ocrx_word' id='word_1_32' title='bbox 726 974 843 1039; x_wconf 88' lang='lat' dir='ltr'><strong>dicitur</strong></span> <span class='ocrx_word' id='word_1_33' title='bbox 863 976 903 1039; x_wconf 93' lang='lat' dir='ltr'><strong>ad</strong></span> <span class='ocrx_word' id='word_1_34' title='bbox 924 976 1081 1040; x_wconf 89' lang='lat' dir='ltr'><strong>modicum</strong></span> <span class='ocrx_word' id='word_1_35' title='bbox 1104 993 1171 1042; x_wconf 81' lang='lat' dir='ltr'><strong>aare</strong></span> <span class='ocrx_word' id='word_1_36' title='bbox 1193 977 1290 1049; x_wconf 83' lang='lat' dir='ltr'><strong>utilis,</strong></span> 
     </span>
     <span class='ocr_line' id='line_1_6' title="bbox 131 1078 1292 1163; baseline 0.002 -20"><span class='ocrx_word' id='word_1_37' title='bbox 131 1078 327 1145; x_wconf 72' lang='lat' dir='ltr'><strong>smanileste</strong></span> <span class='ocrx_word' id='word_1_38' title='bbox 360 1078 582 1163; x_wconf 87' lang='lat' dir='ltr'><strong>pronuntiatur</strong></span> <span class='ocrx_word' id='word_1_39' title='bbox 614 1095 671 1143; x_wconf 89' lang='lat' dir='ltr'><strong>neo</strong></span> <span class='ocrx_word' id='word_1_40' title='bbox 703 1096 759 1161; x_wconf 89' lang='lat' dir='ltr'><strong>per</strong></span> <span class='ocrx_word' id='word_1_41' title='bbox 786 1096 877 1145; x_wconf 87' lang='lat' dir='ltr'><strong>omne</strong></span> <span class='ocrx_word' id='word_1_42' title='bbox 909 1081 1034 1162; x_wconf 86' lang='lat' dir='ltr'><strong>tempus</strong></span> <span class='ocrx_word' id='word_1_43' title='bbox 1069 1082 1204 1145; x_wconf 81' lang='lat' dir='ltr'><strong>exerceri</strong></span> <span class='ocrx_word' id='word_1_44' title='bbox 1235 1098 1292 1145; x_wconf 91' lang='lat' dir='ltr'><strong>nec</strong></span> 
     </span>
     <span class='ocr_line' id='line_1_7' title="bbox 158 1180 1291 1267; baseline 0.002 -20"><span class='ocrx_word' id='word_1_45' title='bbox 158 1200 316 1247; x_wconf 85' lang='lat' dir='ltr'><strong>summam</strong></span> <span class='ocrx_word' id='word_1_46' title='bbox 347 1181 545 1265; x_wconf 76' lang='lat' dir='ltr'><strong>perfectionis</strong></span> <span class='ocrx_word' id='word_1_47' title='bbox 572 1200 627 1264; x_wconf 90' lang='lat' dir='ltr'><strong>per</strong></span> <span class='ocrx_word' id='word_1_48' title='bbox 656 1200 689 1247; x_wconf 89' lang='lat' dir='ltr'><strong>ae</strong></span> <span class='ocrx_word' id='word_1_49' title='bbox 717 1180 819 1247; x_wconf 88' lang='lat' dir='ltr'><strong>solam</strong></span> <span class='ocrx_word' id='word_1_50' title='bbox 846 1180 1001 1247; x_wconf 70' lang='lat' dir='ltr'><strong>laboranti</strong></span> <span class='ocrx_word' id='word_1_51' title='bbox 1031 1201 1120 1267; x_wconf 89' lang='lat' dir='ltr'><strong>posse</strong></span> <span class='ocrx_word' id='word_1_52' title='bbox 1141 1183 1291 1249; x_wconf 86' lang='lat' dir='ltr'><strong>conferre.</strong></span> 
     </span>
    </p>
   </div>
   <div class='ocr_carea' id='block_1_3' title="bbox 119 1284 1323 3964">
    <p class='ocr_par' dir='ltr' id='par_1_3' title="bbox 119 1284 1323 3964">
     <span class='ocr_line' id='line_1_8' title="bbox 157 1284 1321 1370; baseline 0.002 -19"><span class='ocrx_word' id='word_1_53' title='bbox 157 1284 317 1351; x_wconf 89' lang='lat' dir='ltr'><strong>modicum</strong></span> <span class='ocrx_word' id='word_1_54' title='bbox 348 1286 463 1370; x_wconf 90' lang='lat' dir='ltr'><strong>quippe</strong></span> <span class='ocrx_word' id='word_1_55' title='bbox 491 1288 530 1351; x_wconf 89' lang='lat' dir='ltr'><strong>ad</strong></span> <span class='ocrx_word' id='word_1_56' title='bbox 559 1287 728 1368; x_wconf 90' lang='lat' dir='ltr'><strong>utrumque</strong></span> <span class='ocrx_word' id='word_1_57' title='bbox 757 1285 868 1352; x_wconf 83' lang='lat' dir='ltr'><strong>referri</strong></span> <span class='ocrx_word' id='word_1_58' title='bbox 895 1289 1010 1369; x_wconf 91' lang='lat' dir='ltr'><strong>potest,</strong></span> <span class='ocrx_word' id='word_1_59' title='bbox 1039 1286 1074 1352; x_wconf 92' lang='lat' dir='ltr'><strong>id</strong></span> <span class='ocrx_word' id='word_1_60' title='bbox 1102 1291 1149 1353; x_wconf 86' lang='lat' dir='ltr'><strong>est</strong></span> <span class='ocrx_word' id='word_1_61' title='bbox 1177 1289 1228 1352; x_wconf 92' lang='lat' dir='ltr'><strong>nel</strong></span> <span class='ocrx_word' id='word_1_62' title='bbox 1251 1289 1321 1353; x_wconf 83' lang='lat' dir='ltr'><strong>ad3</strong></span> 
     </span>
     <span class='ocr_line' id='line_1_9' title="bbox 157 1387 1291 1473; baseline 0 -19"><span class='ocrx_word' id='word_1_63' title='bbox 157 1390 348 1455; x_wconf 86' lang='lat' dir='ltr'><strong>breuitatem</strong></span> <span class='ocrx_word' id='word_1_64' title='bbox 375 1387 533 1471; x_wconf 88' lang='lat' dir='ltr'><strong>temporis,</strong></span> <span class='ocrx_word' id='word_1_65' title='bbox 563 1391 644 1471; x_wconf 88' lang='lat' dir='ltr'><strong>quod</strong></span> <span class='ocrx_word' id='word_1_66' title='bbox 672 1390 795 1455; x_wconf 85' lang='lat' dir='ltr'><strong>scilieet</strong></span> <span class='ocrx_word' id='word_1_67' title='bbox 821 1388 941 1454; x_wconf 92' lang='lat' dir='ltr'><strong>homini</strong></span> <span class='ocrx_word' id='word_1_68' title='bbox 970 1390 1037 1455; x_wconf 84' lang='lat' dir='ltr'><strong>tam</strong></span> <span class='ocrx_word' id='word_1_69' title='bbox 1069 1391 1103 1455; x_wconf 91' lang='lat' dir='ltr'><strong>in</strong></span> <span class='ocrx_word' id='word_1_70' title='bbox 1132 1391 1291 1473; x_wconf 77' lang='lat' dir='ltr'><strong>praesenti</strong></span> 
     </span>
     <span class='ocr_line' id='line_1_10' title="bbox 159 1491 1291 1576; baseline 0 -19"><span class='ocrx_word' id='word_1_71' title='bbox 159 1510 255 1574; x_wconf 88' lang='lat' dir='ltr'><strong>qnam</strong></span> <span class='ocrx_word' id='word_1_72' title='bbox 278 1492 313 1555; x_wconf 91' lang='lat' dir='ltr'><strong>in</strong></span> <span class='ocrx_word' id='word_1_73' title='bbox 333 1491 440 1557; x_wconf 84' lang='lat' dir='ltr'><strong>lntnro</strong></span> <span class='ocrx_word' id='word_1_74' title='bbox 463 1491 641 1557; x_wconf 85' lang='lat' dir='ltr'><strong>exercitatio</strong></span> <span class='ocrx_word' id='word_1_75' title='bbox 662 1491 831 1576; x_wconf 78' lang='lat' dir='ltr'><strong>corporalir</strong></span> <span class='ocrx_word' id='word_1_76' title='bbox 846 1496 1009 1562; x_wconf 89' lang='lat' dir='ltr'><strong>coaetama</strong></span> <span class='ocrx_word' id='word_1_77' title='bbox 1022 1511 1090 1559; x_wconf 87' lang='lat' dir='ltr'><strong>esse</strong></span> <span class='ocrx_word' id='word_1_78' title='bbox 1104 1512 1166 1560; x_wconf 89' lang='lat' dir='ltr'><strong>non</strong></span> <span class='ocrx_word' id='word_1_79' title='bbox 1181 1494 1291 1576; x_wconf 89' lang='lat' dir='ltr'><strong>possit,</strong></span> 
     </span>
     <span class='ocr_line' id='line_1_11' title="bbox 119 1594 1290 1678; baseline 0.003 -21"><span class='ocrx_word' id='word_1_80' title='bbox 119 1596 213 1661; x_wconf 75' lang='lat' dir='ltr'><strong>renel</strong></span> <span class='ocrx_word' id='word_1_81' title='bbox 237 1598 321 1661; x_wconf 87' lang='lat' dir='ltr'><strong>certe</strong></span> <span class='ocrx_word' id='word_1_82' title='bbox 336 1594 374 1661; x_wconf 84' lang='lat' dir='ltr'><strong>ad</strong></span> <span class='ocrx_word' id='word_1_83' title='bbox 396 1595 587 1677; x_wconf 73' lang='lat' dir='ltr'><strong>pronitatem</strong></span> <span class='ocrx_word' id='word_1_84' title='bbox 614 1595 764 1663; x_wconf 82' lang='lat' dir='ltr'><strong>utilitatIa</strong></span> <span class='ocrx_word' id='word_1_85' title='bbox 788 1614 866 1678; x_wconf 87' lang='lat' dir='ltr'><strong>qnae</strong></span> <span class='ocrx_word' id='word_1_86' title='bbox 881 1596 919 1661; x_wconf 93' lang='lat' dir='ltr'><strong>de</strong></span> <span class='ocrx_word' id='word_1_87' title='bbox 936 1597 1055 1663; x_wconf 89' lang='lat' dir='ltr'><strong>carnali</strong></span> <span class='ocrx_word' id='word_1_88' title='bbox 1071 1597 1290 1664; x_wconf 79' lang='lat' dir='ltr'><strong>exercitatione</strong></span> 
     </span>
     <span class='ocr_line' id='line_1_12' title="bbox 160 1697 1291 1784; baseline 0.002 -19"><span class='ocrx_word' id='word_1_89' title='bbox 160 1698 363 1781; x_wconf 83' lang='lat' dir='ltr'><strong>conquirItnr,</strong></span> <span class='ocrx_word' id='word_1_90' title='bbox 392 1716 427 1763; x_wconf 91' lang='lat' dir='ltr'><strong>eo</strong></span> <span class='ocrx_word' id='word_1_91' title='bbox 456 1697 538 1780; x_wconf 89' lang='lat' dir='ltr'><strong>quod</strong></span> <span class='ocrx_word' id='word_1_92' title='bbox 565 1698 704 1765; x_wconf 82' lang='lat' dir='ltr'><strong>adflictio</strong></span> <span class='ocrx_word' id='word_1_93' title='bbox 733 1700 902 1781; x_wconf 84' lang='lat' dir='ltr'><strong>corporalis</strong></span> <span class='ocrx_word' id='word_1_94' title='bbox 930 1698 1022 1766; x_wconf 86' lang='lat' dir='ltr'><strong>initia</strong></span> <span class='ocrx_word' id='word_1_95' title='bbox 1045 1700 1196 1783; x_wconf 86' lang='lat' dir='ltr'><strong>quaedam</strong></span> <span class='ocrx_word' id='word_1_96' title='bbox 1218 1720 1291 1784; x_wconf 89' lang='lat' dir='ltr'><strong>pro.—</strong></span> 
     </span>
     <span class='ocr_line' id='line_1_13' title="bbox 161 1802 1291 1887; baseline 0 -20"><span class='ocrx_word' id='word_1_97' title='bbox 161 1804 271 1879; x_wconf 83' lang='lat' dir='ltr'><strong>fectns,</strong></span> <span class='ocrx_word' id='word_1_98' title='bbox 295 1821 358 1867; x_wconf 91' lang='lat' dir='ltr'><strong>non</strong></span> <span class='ocrx_word' id='word_1_99' title='bbox 379 1802 480 1884; x_wconf 88' lang='lat' dir='ltr'><strong>ipsam</strong></span> <span class='ocrx_word' id='word_1_100' title='bbox 502 1802 725 1883; x_wconf 88' lang='lat' dir='ltr'><strong>perfectionem</strong></span> <span class='ocrx_word' id='word_1_101' title='bbox 748 1802 853 1885; x_wconf 89' lang='lat' dir='ltr'><strong>pariat</strong></span> <span class='ocrx_word' id='word_1_102' title='bbox 867 1802 1020 1883; x_wconf 80' lang='lat' dir='ltr'><strong>cmitatis,</strong></span> <span class='ocrx_word' id='word_1_103' title='bbox 1037 1822 1115 1886; x_wconf 87' lang='lat' dir='ltr'><strong>qnae</strong></span> <span class='ocrx_word' id='word_1_104' title='bbox 1129 1804 1291 1887; x_wconf 86' lang='lat' dir='ltr'><strong>promissi-</strong></span> 
     </span>
     <span class='ocr_line' id='line_1_14' title="bbox 162 1905 1291 1987; baseline 0 -16"><span class='ocrx_word' id='word_1_105' title='bbox 162 1926 252 1972; x_wconf 88' lang='lat' dir='ltr'><strong>onem</strong></span> <span class='ocrx_word' id='word_1_106' title='bbox 287 1906 379 1973; x_wconf 88' lang='lat' dir='ltr'><strong>habet</strong></span> <span class='ocrx_word' id='word_1_107' title='bbox 407 1906 492 1971; x_wconf 89' lang='lat' dir='ltr'><strong>uitae</strong></span> <span class='ocrx_word' id='word_1_108' title='bbox 520 1906 692 1987; x_wconf 87' lang='lat' dir='ltr'><strong>praesentis</strong></span> <span class='ocrx_word' id='word_1_109' title='bbox 721 1905 754 1971; x_wconf 91' lang='lat' dir='ltr'><strong>et</strong></span> <span class='ocrx_word' id='word_1_110' title='bbox 781 1906 916 1972; x_wconf 83' lang='lat' dir='ltr'><strong>futurae.</strong></span> <span class='ocrx_word' id='word_1_111' title='bbox 954 1906 1123 1973; x_wconf 91' lang='lat' dir='ltr'><strong>etidcirco</strong></span> <span class='ocrx_word' id='word_1_112' title='bbox 1144 1906 1291 1972; x_wconf 85' lang='lat' dir='ltr'><strong>exercitia</strong></span> 
     </span>
     <span class='ocr_line' id='line_1_15' title="bbox 163 2007 1290 2093; baseline -0.002 -18"><span class='ocrx_word' id='word_1_113' title='bbox 163 2028 289 2092; x_wconf 87' lang='lat' dir='ltr'><strong>opernm</strong></span> <span class='ocrx_word' id='word_1_114' title='bbox 316 2009 545 2090; x_wconf 88' lang='lat' dir='ltr'><strong>praedictorum</strong></span> <span class='ocrx_word' id='word_1_115' title='bbox 568 2007 741 2075; x_wconf 86' lang='lat' dir='ltr'><strong>necessaria</strong></span> <span class='ocrx_word' id='word_1_116' title='bbox 765 2026 834 2073; x_wconf 86' lang='lat' dir='ltr'><strong>esse</strong></span> <span class='ocrx_word' id='word_1_117' title='bbox 851 2026 1027 2089; x_wconf 77' lang='lat' dir='ltr'><strong>censemus,</strong></span> <span class='ocrx_word' id='word_1_118' title='bbox 1043 2010 1116 2091; x_wconf 85' lang='lat' dir='ltr'><strong>qnia</strong></span> <span class='ocrx_word' id='word_1_119' title='bbox 1130 2010 1199 2075; x_wconf 90' lang='lat' dir='ltr'><strong>siue</strong></span> <span class='ocrx_word' id='word_1_120' title='bbox 1213 2009 1290 2093; x_wconf 79' lang='lat' dir='ltr'><strong>Ipsis</strong></span> 
     </span>
     <span class='ocr_line' id='line_1_16' title="bbox 123 2109 1323 2195; baseline -0.005 -18"><span class='ocrx_word' id='word_1_121' title='bbox 123 2138 150 2177; x_wconf 78' lang='lat' dir='ltr'><strong>rs</strong></span> <span class='ocrx_word' id='word_1_122' title='bbox 162 2112 200 2177; x_wconf 91' lang='lat' dir='ltr'><strong>ad</strong></span> <span class='ocrx_word' id='word_1_123' title='bbox 224 2111 368 2177; x_wconf 88' lang='lat' dir='ltr'><strong>caritatis</strong></span> <span class='ocrx_word' id='word_1_124' title='bbox 389 2111 515 2195; x_wconf 82' lang='lat' dir='ltr'><strong>fastigia</strong></span> <span class='ocrx_word' id='word_1_125' title='bbox 528 2129 591 2177; x_wconf 92' lang='lat' dir='ltr'><strong>non</strong></span> <span class='ocrx_word' id='word_1_126' title='bbox 606 2113 707 2195; x_wconf 88' lang='lat' dir='ltr'><strong>possit</strong></span> <span class='ocrx_word' id='word_1_127' title='bbox 730 2112 866 2179; x_wconf 86' lang='lat' dir='ltr'><strong>ascendi.</strong></span> <span class='ocrx_word' id='word_1_128' title='bbox 888 2112 966 2177; x_wconf 86' lang='lat' dir='ltr'><strong>hacc</strong></span> <span class='ocrx_word' id='word_1_129' title='bbox 981 2113 1077 2193; x_wconf 88' lang='lat' dir='ltr'><strong>etiam</strong></span> <span class='ocrx_word' id='word_1_130' title='bbox 1093 2131 1171 2195; x_wconf 85' lang='lat' dir='ltr'><strong>qnae</strong></span> <span class='ocrx_word' id='word_1_131' title='bbox 1186 2109 1323 2178; x_wconf 84' lang='lat' dir='ltr'><strong>dicitis4</strong></span> 
     </span>
     <span class='ocr_line' id='line_1_17' title="bbox 163 2214 1291 2299; baseline -0.001 -19"><span class='ocrx_word' id='word_1_132' title='bbox 163 2232 255 2297; x_wconf 90' lang='lat' dir='ltr'><strong>opera</strong></span> <span class='ocrx_word' id='word_1_133' title='bbox 276 2214 405 2296; x_wconf 85' lang='lat' dir='ltr'><strong>pietatis</strong></span> <span class='ocrx_word' id='word_1_134' title='bbox 429 2232 465 2279; x_wconf 88' lang='lat' dir='ltr'><strong>ac</strong></span> <span class='ocrx_word' id='word_1_135' title='bbox 487 2214 714 2281; x_wconf 87' lang='lat' dir='ltr'><strong>misericordiae</strong></span> <span class='ocrx_word' id='word_1_136' title='bbox 737 2215 912 2281; x_wconf 88' lang='lat' dir='ltr'><strong>necessaria</strong></span> <span class='ocrx_word' id='word_1_137' title='bbox 931 2215 1007 2279; x_wconf 87' lang='lat' dir='ltr'><strong>sunt</strong></span> <span class='ocrx_word' id='word_1_138' title='bbox 1021 2217 1054 2279; x_wconf 94' lang='lat' dir='ltr'><strong>in</strong></span> <span class='ocrx_word' id='word_1_139' title='bbox 1067 2215 1127 2280; x_wconf 88' lang='lat' dir='ltr'><strong>hoc</strong></span> <span class='ocrx_word' id='word_1_140' title='bbox 1141 2219 1291 2299; x_wconf 88' lang='lat' dir='ltr'><strong>tempore,</strong></span> 
     </span>
     <span class='ocr_line' id='line_1_18' title="bbox 162 2316 1291 2400; baseline -0.001 -15"><span class='ocrx_word' id='word_1_141' title='bbox 162 2322 236 2385; x_wconf 90' lang='lat' dir='ltr'><strong>dnm</strong></span> <span class='ocrx_word' id='word_1_142' title='bbox 267 2316 369 2383; x_wconf 82' lang='lat' dir='ltr'><strong>adino</strong></span> <span class='ocrx_word' id='word_1_143' title='bbox 401 2316 571 2400; x_wconf 88' lang='lat' dir='ltr'><strong>inaequalis</strong></span> <span class='ocrx_word' id='word_1_144' title='bbox 602 2317 767 2385; x_wconf 85' lang='lat' dir='ltr'><strong>diuersitas</strong></span> <span class='ocrx_word' id='word_1_145' title='bbox 798 2318 994 2383; x_wconf 87' lang='lat' dir='ltr'><strong>dominatur:</strong></span> <span class='ocrx_word' id='word_1_146' title='bbox 1024 2336 1154 2399; x_wconf 86' lang='lat' dir='ltr'><strong>quornm</strong></span> <span class='ocrx_word' id='word_1_147' title='bbox 1176 2336 1216 2384; x_wconf 85' lang='lat' dir='ltr'><strong>ne</strong></span> <span class='ocrx_word' id='word_1_148' title='bbox 1237 2319 1291 2385; x_wconf 91' lang='lat' dir='ltr'><strong>hic</strong></span> 
     </span>
     <span class='ocr_line' id='line_1_19' title="bbox 163 2420 1293 2504; baseline 0.002 -19"><span class='ocrx_word' id='word_1_149' title='bbox 163 2420 287 2503; x_wconf 91' lang='lat' dir='ltr'><strong>quidem</strong></span> <span class='ocrx_word' id='word_1_150' title='bbox 311 2421 525 2503; x_wconf 81' lang='lat' dir='ltr'><strong>expectaretur</strong></span> <span class='ocrx_word' id='word_1_151' title='bbox 547 2420 693 2503; x_wconf 85' lang='lat' dir='ltr'><strong>operatio,</strong></span> <span class='ocrx_word' id='word_1_152' title='bbox 711 2420 773 2485; x_wconf 86' lang='lat' dir='ltr'><strong>nisi</strong></span> <span class='ocrx_word' id='word_1_153' title='bbox 788 2420 926 2504; x_wconf 82' lang='lat' dir='ltr'><strong>inopum,</strong></span> <span class='ocrx_word' id='word_1_154' title='bbox 942 2420 1139 2504; x_wconf 80' lang='lat' dir='ltr'><strong>indigentum</strong></span> <span class='ocrx_word' id='word_1_155' title='bbox 1153 2420 1293 2487; x_wconf 81' lang='lat' dir='ltr'><strong>infirmo</strong></span> 
     </span>
     <span class='ocr_line' id='line_1_20' title="bbox 161 2522 1292 2605; baseline 0.002 -16"><span class='ocrx_word' id='word_1_156' title='bbox 161 2542 291 2605; x_wconf 90' lang='lat' dir='ltr'><strong>rumque</strong></span> <span class='ocrx_word' id='word_1_157' title='bbox 307 2540 378 2605; x_wconf 90' lang='lat' dir='ltr'><strong>pars</strong></span> <span class='ocrx_word' id='word_1_158' title='bbox 394 2522 530 2589; x_wconf 84' lang='lat' dir='ltr'><strong>maxima</strong></span> <span class='ocrx_word' id='word_1_159' title='bbox 544 2523 739 2601; x_wconf 83' lang='lat' dir='ltr'><strong>redundaret,</strong></span> <span class='ocrx_word' id='word_1_160' title='bbox 756 2541 834 2605; x_wconf 85' lang='lat' dir='ltr'><strong>qnae</strong></span> <span class='ocrx_word' id='word_1_161' title='bbox 847 2522 1014 2605; x_wconf 83' lang='lat' dir='ltr'><strong>iniquitate</strong></span> <span class='ocrx_word' id='word_1_162' title='bbox 1030 2522 1191 2593; x_wconf 86' lang='lat' dir='ltr'><strong>hominum</strong></span> <span class='ocrx_word' id='word_1_163' title='bbox 1207 2524 1292 2591; x_wconf 85' lang='lat' dir='ltr'><strong>facta</strong></span> 
     </span>
     <span class='ocr_line' id='line_1_21' title="bbox 124 2625 1291 2708; baseline 0 -15"><span class='ocrx_word' id='word_1_164' title='bbox 124 2628 218 2703; x_wconf 74' lang='lat' dir='ltr'><strong>apest</strong></span> <span class='ocrx_word' id='word_1_165' title='bbox 240 2644 347 2691; x_wconf 88' lang='lat' dir='ltr'><strong>eornm</strong></span> <span class='ocrx_word' id='word_1_166' title='bbox 371 2625 502 2703; x_wconf 82' lang='lat' dir='ltr'><strong>scilicet,</strong></span> <span class='ocrx_word' id='word_1_167' title='bbox 526 2625 579 2707; x_wconf 92' lang='lat' dir='ltr'><strong>qui</strong></span> <span class='ocrx_word' id='word_1_168' title='bbox 602 2644 638 2691; x_wconf 82' lang='lat' dir='ltr'><strong>aa</strong></span> <span class='ocrx_word' id='word_1_169' title='bbox 660 2644 739 2708; x_wconf 88' lang='lat' dir='ltr'><strong>quae</strong></span> <span class='ocrx_word' id='word_1_170' title='bbox 766 2627 909 2691; x_wconf 90' lang='lat' dir='ltr'><strong>omnibus</strong></span> <span class='ocrx_word' id='word_1_171' title='bbox 932 2644 952 2691; x_wconf 88' lang='lat' dir='ltr'><strong>a</strong></span> <span class='ocrx_word' id='word_1_172' title='bbox 973 2628 1128 2697; x_wconf 85' lang='lat' dir='ltr'><strong>eommmi</strong></span> <span class='ocrx_word' id='word_1_173' title='bbox 1151 2632 1291 2694; x_wconf 85' lang='lat' dir='ltr'><strong>creatore</strong></span> 
     </span>
     <span class='ocr_line' id='line_1_22' title="bbox 162 2728 1293 2812; baseline 0.004 -19"><span class='ocrx_word' id='word_1_174' title='bbox 162 2746 309 2793; x_wconf 82' lang='lat' dir='ltr'><strong>concessa</strong></span> <span class='ocrx_word' id='word_1_175' title='bbox 330 2732 405 2796; x_wconf 91' lang='lat' dir='ltr'><strong>sunt</strong></span> <span class='ocrx_word' id='word_1_176' title='bbox 428 2728 462 2793; x_wconf 91' lang='lat' dir='ltr'><strong>in</strong></span> <span class='ocrx_word' id='word_1_177' title='bbox 484 2746 556 2793; x_wconf 86' lang='lat' dir='ltr'><strong>euos</strong></span> <span class='ocrx_word' id='word_1_178' title='bbox 579 2728 704 2793; x_wconf 91' lang='lat' dir='ltr'><strong>tantum</strong></span> <span class='ocrx_word' id='word_1_179' title='bbox 732 2733 970 2812; x_wconf 88' lang='lat' dir='ltr'><strong>occupatausns</strong></span> <span class='ocrx_word' id='word_1_180' title='bbox 985 2748 1042 2795; x_wconf 92' lang='lat' dir='ltr'><strong>nec</strong></span> <span class='ocrx_word' id='word_1_181' title='bbox 1055 2734 1161 2796; x_wconf 87' lang='lat' dir='ltr'><strong>tamen</strong></span> <span class='ocrx_word' id='word_1_182' title='bbox 1176 2730 1293 2798; x_wconf 89' lang='lat' dir='ltr'><strong>utenda</strong></span> 
     </span>
     <span class='ocr_line' id='line_1_23' title="bbox 162 2830 1323 2918; baseline 0.001 -23"><span class='ocrx_word' id='word_1_183' title='bbox 162 2833 343 2897; x_wconf 89' lang='lat' dir='ltr'><strong>tenncmnt.</strong></span> <span class='ocrx_word' id='word_1_184' title='bbox 381 2830 477 2897; x_wconf 88' lang='lat' dir='ltr'><strong>donec</strong></span> <span class='ocrx_word' id='word_1_185' title='bbox 492 2849 564 2917; x_wconf 83' lang='lat' dir='ltr'><strong>ergo</strong></span> <span class='ocrx_word' id='word_1_186' title='bbox 587 2833 621 2896; x_wconf 92' lang='lat' dir='ltr'><strong>in</strong></span> <span class='ocrx_word' id='word_1_187' title='bbox 643 2831 701 2897; x_wconf 88' lang='lat' dir='ltr'><strong>hoc</strong></span> <span class='ocrx_word' id='word_1_188' title='bbox 722 2834 837 2897; x_wconf 90' lang='lat' dir='ltr'><strong>mundo</strong></span> <span class='ocrx_word' id='word_1_189' title='bbox 864 2831 1075 2914; x_wconf 89' lang='lat' dir='ltr'><strong>inaequalitas</strong></span> <span class='ocrx_word' id='word_1_190' title='bbox 1091 2832 1152 2899; x_wconf 90' lang='lat' dir='ltr'><strong>ista</strong></span> <span class='ocrx_word' id='word_1_191' title='bbox 1166 2832 1323 2918; x_wconf 85' lang='lat' dir='ltr'><strong>grassa-5</strong></span> 
     </span>
     <span class='ocr_line' id='line_1_24' title="bbox 161 2932 1292 3015; baseline 0.004 -16"><span class='ocrx_word' id='word_1_192' title='bbox 161 2940 222 3011; x_wconf 90' lang='lat' dir='ltr'><strong>tnr,</strong></span> <span class='ocrx_word' id='word_1_193' title='bbox 252 2932 417 2999; x_wconf 84' lang='lat' dir='ltr'><strong>erithace</strong></span> <span class='ocrx_word' id='word_1_194' title='bbox 445 2934 528 3000; x_wconf 87' lang='lat' dir='ltr'><strong>actio</strong></span> <span class='ocrx_word' id='word_1_195' title='bbox 556 2935 728 3001; x_wconf 84' lang='lat' dir='ltr'><strong>necessaria</strong></span> <span class='ocrx_word' id='word_1_196' title='bbox 756 2936 788 2999; x_wconf 91' lang='lat' dir='ltr'><strong>et</strong></span> <span class='ocrx_word' id='word_1_197' title='bbox 819 2933 908 3000; x_wconf 89' lang='lat' dir='ltr'><strong>utilis</strong></span> <span class='ocrx_word' id='word_1_198' title='bbox 934 2937 1099 3015; x_wconf 89' lang='lat' dir='ltr'><strong>exercenti,</strong></span> <span class='ocrx_word' id='word_1_199' title='bbox 1122 2938 1292 3004; x_wconf 86' lang='lat' dir='ltr'><strong>restituens</strong></span> 
     </span>
     <span class='ocr_line' id='line_1_25' title="bbox 161 3037 1292 3120; baseline 0.004 -19"><span class='ocrx_word' id='word_1_200' title='bbox 161 3037 288 3119; x_wconf 87' lang='lat' dir='ltr'><strong>quidem</strong></span> <span class='ocrx_word' id='word_1_201' title='bbox 317 3038 396 3102; x_wconf 89' lang='lat' dir='ltr'><strong>bono</strong></span> <span class='ocrx_word' id='word_1_202' title='bbox 424 3037 551 3103; x_wconf 85' lang='lat' dir='ltr'><strong>affectui</strong></span> <span class='ocrx_word' id='word_1_203' title='bbox 582 3040 614 3101; x_wconf 91' lang='lat' dir='ltr'><strong>et</strong></span> <span class='ocrx_word' id='word_1_204' title='bbox 635 3038 705 3120; x_wconf 86' lang='lat' dir='ltr'><strong>piae</strong></span> <span class='ocrx_word' id='word_1_205' title='bbox 727 3037 887 3103; x_wconf 85' lang='lat' dir='ltr'><strong>uoluntati</strong></span> <span class='ocrx_word' id='word_1_206' title='bbox 909 3038 1147 3104; x_wconf 87' lang='lat' dir='ltr'><strong>retributionem</strong></span> <span class='ocrx_word' id='word_1_207' title='bbox 1169 3040 1292 3106; x_wconf 88' lang='lat' dir='ltr'><strong>heredi·</strong></span> 
     </span>
     <span class='ocr_line' id='line_1_26' title="bbox 126 3139 1293 3226; baseline 0.001 -19"><span class='ocrx_word' id='word_1_208' title='bbox 126 3142 238 3207; x_wconf 70' lang='lat' dir='ltr'><strong>estatis</strong></span> <span class='ocrx_word' id='word_1_209' title='bbox 261 3142 422 3205; x_wconf 88' lang='lat' dir='ltr'><strong>aeternae:</strong></span> <span class='ocrx_word' id='word_1_210' title='bbox 453 3142 521 3223; x_wconf 87' lang='lat' dir='ltr'><strong>ipsa</strong></span> <span class='ocrx_word' id='word_1_211' title='bbox 543 3159 616 3205; x_wconf 90' lang='lat' dir='ltr'><strong>uero</strong></span> <span class='ocrx_word' id='word_1_212' title='bbox 639 3142 672 3205; x_wconf 93' lang='lat' dir='ltr'><strong>in</strong></span> <span class='ocrx_word' id='word_1_213' title='bbox 696 3139 801 3206; x_wconf 81' lang='lat' dir='ltr'><strong>tuturo</strong></span> <span class='ocrx_word' id='word_1_214' title='bbox 825 3142 946 3207; x_wconf 87' lang='lat' dir='ltr'><strong>saeculo</strong></span> <span class='ocrx_word' id='word_1_215' title='bbox 968 3142 1126 3224; x_wconf 87' lang='lat' dir='ltr'><strong>parilitate</strong></span> <span class='ocrx_word' id='word_1_216' title='bbox 1140 3147 1293 3226; x_wconf 82' lang='lat' dir='ltr'><strong>regnante</strong></span> 
     </span>
     <span class='ocr_line' id='line_1_27' title="bbox 162 3241 1292 3331; baseline 0.003 -23"><span class='ocrx_word' id='word_1_217' title='bbox 162 3242 309 3321; x_wconf 79' lang='lat' dir='ltr'><strong>cessabit,</strong></span> <span class='ocrx_word' id='word_1_218' title='bbox 334 3261 404 3307; x_wconf 85' lang='lat' dir='ltr'><strong>cunr</strong></span> <span class='ocrx_word' id='word_1_219' title='bbox 427 3241 490 3307; x_wconf 91' lang='lat' dir='ltr'><strong>iam</strong></span> <span class='ocrx_word' id='word_1_220' title='bbox 512 3262 575 3309; x_wconf 93' lang='lat' dir='ltr'><strong>non</strong></span> <span class='ocrx_word' id='word_1_221' title='bbox 598 3242 693 3307; x_wconf 85' lang='lat' dir='ltr'><strong>inerit</strong></span> <span class='ocrx_word' id='word_1_222' title='bbox 722 3243 929 3326; x_wconf 85' lang='lat' dir='ltr'><strong>inaequalitas</strong></span> <span class='ocrx_word' id='word_1_223' title='bbox 951 3248 1076 3331; x_wconf 89' lang='lat' dir='ltr'><strong>propter</strong></span> <span class='ocrx_word' id='word_1_224' title='bbox 1099 3262 1191 3327; x_wconf 88' lang='lat' dir='ltr'><strong>quam</strong></span> <span class='ocrx_word' id='word_1_225' title='bbox 1214 3246 1292 3311; x_wconf 87' lang='lat' dir='ltr'><strong>haec</strong></span> 
     </span>
     <span class='ocr_line' id='line_1_28' title="bbox 163 3344 1292 3435; baseline 0.003 -24"><span class='ocrx_word' id='word_1_226' title='bbox 163 3344 300 3412; x_wconf 85' lang='lat' dir='ltr'><strong>debeant</strong></span> <span class='ocrx_word' id='word_1_227' title='bbox 323 3345 471 3425; x_wconf 81' lang='lat' dir='ltr'><strong>exerceri,</strong></span> <span class='ocrx_word' id='word_1_228' title='bbox 500 3346 555 3409; x_wconf 87' lang='lat' dir='ltr'><strong>sed</strong></span> <span class='ocrx_word' id='word_1_229' title='bbox 577 3346 682 3435; x_wconf 90' lang='lat' dir='ltr'><strong>cuncti</strong></span> <span class='ocrx_word' id='word_1_230' title='bbox 705 3347 745 3413; x_wconf 89' lang='lat' dir='ltr'><strong>ab</strong></span> <span class='ocrx_word' id='word_1_231' title='bbox 766 3346 825 3412; x_wconf 87' lang='lat' dir='ltr'><strong>hac</strong></span> <span class='ocrx_word' id='word_1_232' title='bbox 846 3346 1027 3429; x_wconf 91' lang='lat' dir='ltr'><strong>multiplici,</strong></span> <span class='ocrx_word' id='word_1_233' title='bbox 1051 3348 1081 3412; x_wconf 92' lang='lat' dir='ltr'><strong>id</strong></span> <span class='ocrx_word' id='word_1_234' title='bbox 1105 3348 1152 3412; x_wconf 87' lang='lat' dir='ltr'><strong>est</strong></span> <span class='ocrx_word' id='word_1_235' title='bbox 1173 3348 1292 3414; x_wconf 89' lang='lat' dir='ltr'><strong>actuali</strong></span> 
     </span>
     <span class='ocr_line' id='line_1_29' title="bbox 163 3448 1292 3533; baseline 0.002 -18"><span class='ocrx_word' id='word_1_236' title='bbox 163 3452 342 3533; x_wconf 82' lang='lat' dir='ltr'><strong>operatione</strong></span> <span class='ocrx_word' id='word_1_237' title='bbox 364 3448 403 3515; x_wconf 90' lang='lat' dir='ltr'><strong>ad</strong></span> <span class='ocrx_word' id='word_1_238' title='bbox 427 3448 588 3515; x_wconf 88' lang='lat' dir='ltr'><strong>caritatem</strong></span> <span class='ocrx_word' id='word_1_239' title='bbox 612 3448 663 3513; x_wconf 90' lang='lat' dir='ltr'><strong>dei</strong></span> <span class='ocrx_word' id='word_1_240' title='bbox 684 3450 717 3514; x_wconf 91' lang='lat' dir='ltr'><strong>et</strong></span> <span class='ocrx_word' id='word_1_241' title='bbox 738 3449 914 3515; x_wconf 85' lang='lat' dir='ltr'><strong>diuinarum</strong></span> <span class='ocrx_word' id='word_1_242' title='bbox 937 3468 1041 3515; x_wconf 92' lang='lat' dir='ltr'><strong>rerum</strong></span> <span class='ocrx_word' id='word_1_243' title='bbox 1056 3451 1292 3532; x_wconf 86' lang='lat' dir='ltr'><strong>contemplatio·</strong></span> 
     </span>
     <span class='ocr_line' id='line_1_30' title="bbox 162 3550 1293 3635; baseline 0.002 -18"><span class='ocrx_word' id='word_1_244' title='bbox 162 3572 235 3618; x_wconf 91' lang='lat' dir='ltr'><strong>nem</strong></span> <span class='ocrx_word' id='word_1_245' title='bbox 264 3552 418 3635; x_wconf 88' lang='lat' dir='ltr'><strong>perpetua</strong></span> <span class='ocrx_word' id='word_1_246' title='bbox 447 3552 548 3617; x_wconf 82' lang='lat' dir='ltr'><strong>cordis</strong></span> <span class='ocrx_word' id='word_1_247' title='bbox 579 3552 718 3633; x_wconf 84' lang='lat' dir='ltr'><strong>puritate</strong></span> <span class='ocrx_word' id='word_1_248' title='bbox 748 3553 936 3619; x_wconf 86' lang='lat' dir='ltr'><strong>transibunt.</strong></span> <span class='ocrx_word' id='word_1_249' title='bbox 975 3550 1027 3618; x_wconf 88' lang='lat' dir='ltr'><strong>cni</strong></span> <span class='ocrx_word' id='word_1_250' title='bbox 1057 3571 1091 3617; x_wconf 88' lang='lat' dir='ltr'><strong>ae</strong></span> <span class='ocrx_word' id='word_1_251' title='bbox 1113 3552 1156 3633; x_wconf 89' lang='lat' dir='ltr'><strong>hi,</strong></span> <span class='ocrx_word' id='word_1_252' title='bbox 1180 3554 1293 3635; x_wconf 84' lang='lat' dir='ltr'><strong>quibus</strong></span> 
     </span>
     <span class='ocr_line' id='line_1_31' title="bbox 127 3655 1293 3735; baseline 0 -12"><span class='ocrx_word' id='word_1_253' title='bbox 127 3674 239 3723; x_wconf 75' lang='lat' dir='ltr'><strong>recma</strong></span> <span class='ocrx_word' id='word_1_254' title='bbox 268 3656 318 3721; x_wconf 87' lang='lat' dir='ltr'><strong>est</strong></span> <span class='ocrx_word' id='word_1_255' title='bbox 347 3657 399 3721; x_wconf 90' lang='lat' dir='ltr'><strong>nel</strong></span> <span class='ocrx_word' id='word_1_256' title='bbox 428 3655 577 3721; x_wconf 86' lang='lat' dir='ltr'><strong>scientiae</strong></span> <span class='ocrx_word' id='word_1_257' title='bbox 599 3655 651 3721; x_wconf 94' lang='lat' dir='ltr'><strong>uel</strong></span> <span class='ocrx_word' id='word_1_258' title='bbox 675 3657 888 3723; x_wconf 88' lang='lat' dir='ltr'><strong>emundationi</strong></span> <span class='ocrx_word' id='word_1_259' title='bbox 915 3656 1030 3721; x_wconf 90' lang='lat' dir='ltr'><strong>mentis</strong></span> <span class='ocrx_word' id='word_1_260' title='bbox 1052 3656 1206 3735; x_wconf 87' lang='lat' dir='ltr'><strong>insistere,</strong></span> <span class='ocrx_word' id='word_1_261' title='bbox 1229 3657 1293 3723; x_wconf 87' lang='lat' dir='ltr'><strong>iam</strong></span> 
     </span>
     <span class='ocr_line' id='line_1_32' title="bbox 163 3758 1294 3845; baseline 0 -21"><span class='ocrx_word' id='word_1_262' title='bbox 163 3760 197 3824; x_wconf 96' lang='lat' dir='ltr'><strong>in</strong></span> <span class='ocrx_word' id='word_1_263' title='bbox 225 3759 284 3824; x_wconf 89' lang='lat' dir='ltr'><strong>hoc</strong></span> <span class='ocrx_word' id='word_1_264' title='bbox 314 3758 438 3824; x_wconf 90' lang='lat' dir='ltr'><strong>saeculo</strong></span> <span class='ocrx_word' id='word_1_265' title='bbox 469 3759 635 3824; x_wconf 86' lang='lat' dir='ltr'><strong>constituti</strong></span> <span class='ocrx_word' id='word_1_266' title='bbox 666 3758 828 3845; x_wconf 84' lang='lat' dir='ltr'><strong>elegerunt</strong></span> <span class='ocrx_word' id='word_1_267' title='bbox 857 3760 942 3825; x_wconf 93' lang='lat' dir='ltr'><strong>omni</strong></span> <span class='ocrx_word' id='word_1_268' title='bbox 973 3762 1088 3825; x_wconf 88' lang='lat' dir='ltr'><strong>conatu</strong></span> <span class='ocrx_word' id='word_1_269' title='bbox 1110 3777 1148 3823; x_wconf 89' lang='lat' dir='ltr'><strong>ec</strong></span> <span class='ocrx_word' id='word_1_270' title='bbox 1170 3759 1294 3825; x_wconf 89' lang='lat' dir='ltr'><strong>uiribus</strong></span> 
     </span>
     <span class='ocr_line' id='line_1_33' title="bbox 166 3861 1294 3964; baseline 0.003 -38"><span class='ocrx_word' id='word_1_271' title='bbox 166 3863 354 3946; x_wconf 86' lang='lat' dir='ltr'><strong>mancipare,</strong></span> <span class='ocrx_word' id='word_1_272' title='bbox 388 3861 438 3927; x_wconf 93' lang='lat' dir='ltr'><strong>illi</strong></span> <span class='ocrx_word' id='word_1_273' title='bbox 471 3861 591 3927; x_wconf 88' lang='lat' dir='ltr'><strong>scilicet</strong></span> <span class='ocrx_word' id='word_1_274' title='bbox 624 3867 726 3929; x_wconf 90' lang='lat' dir='ltr'><strong>semet</strong></span> <span class='ocrx_word' id='word_1_275' title='bbox 759 3863 844 3947; x_wconf 90' lang='lat' dir='ltr'><strong>ipsos</strong></span> <span class='ocrx_word' id='word_1_276' title='bbox 865 3863 976 3964; x_wconf 78' lang='lat' dir='ltr'><strong>&#39;officio</strong></span> <span class='ocrx_word' id='word_1_277' title='bbox 1007 3864 1109 3929; x_wconf 87' lang='lat' dir='ltr'><strong>adlrnc</strong></span> <span class='ocrx_word' id='word_1_278' title='bbox 1139 3864 1172 3929; x_wconf 94' lang='lat' dir='ltr'><strong>in</strong></span> <span class='ocrx_word' id='word_1_279' title='bbox 1202 3882 1294 3929; x_wconf 91' lang='lat' dir='ltr'><strong>carne</strong></span> 
     </span>
    </p>
   </div>
   <div class='ocr_carea' id='block_1_4' title="bbox 165 4117 1295 4263">
    <p class='ocr_par' dir='ltr' id='par_1_4' title="bbox 165 4117 1295 4263">
     <span class='ocr_line' id='line_1_34' title="bbox 216 4117 1228 4188; baseline 0.004 -17"><span class='ocrx_word' id='word_1_280' title='bbox 216 4117 332 4171; x_wconf 84' lang='lat' dir='ltr'><strong>3utiles</strong></span> <span class='ocrx_word' id='word_1_281' title='bbox 354 4118 402 4173; x_wconf 88' lang='lat' dir='ltr'><strong>W¹</strong></span> <span class='ocrx_word' id='word_1_282' title='bbox 493 4117 672 4171; x_wconf 83' lang='lat' dir='ltr'><strong>5manefeatc</strong></span> <span class='ocrx_word' id='word_1_283' title='bbox 689 4118 728 4171; x_wconf 91' lang='lat' dir='ltr'><strong>D¹</strong></span> <span class='ocrx_word' id='word_1_284' title='bbox 821 4120 855 4171; x_wconf 90' lang='grc'><strong>12</strong></span> <span class='ocrx_word' id='word_1_285' title='bbox 872 4121 930 4188; x_wconf 88' lang='lat' dir='ltr'><strong>ipsa</strong></span> <span class='ocrx_word' id='word_1_286' title='bbox 953 4118 991 4172; x_wconf 79' lang='lat' dir='ltr'><strong><em>W</em></strong></span> <span class='ocrx_word' id='word_1_287' title='bbox 1081 4120 1111 4173; x_wconf 78' lang='lat'><strong>17</strong></span> <span class='ocrx_word' id='word_1_288' title='bbox 1131 4136 1178 4175; x_wconf 87' lang='lat' dir='ltr'><strong>nec</strong></span> <span class='ocrx_word' id='word_1_289' title='bbox 1195 4121 1228 4175; x_wconf 88' lang='lat' dir='ltr'>X</span> 
     </span>
     <span class='ocr_line' id='line_1_35' title="bbox 165 4201 1295 4263; baseline 0.004 -7"><span class='ocrx_word' id='word_1_290' title='bbox 165 4203 197 4257; x_wconf 88' lang='lat'><strong>21</strong></span> <span class='ocrx_word' id='word_1_291' title='bbox 222 4208 359 4257; x_wconf 82' lang='lat' dir='ltr'><strong>dconceaaa</strong></span> <span class='ocrx_word' id='word_1_292' title='bbox 382 4201 410 4256; x_wconf 94' lang='lat' dir='ltr'><strong><em>D</em></strong></span> <span class='ocrx_word' id='word_1_293' title='bbox 513 4202 548 4257; x_wconf 84' lang='grc'><strong>22</strong></span> <span class='ocrx_word' id='word_1_294' title='bbox 571 4208 704 4259; x_wconf 84' lang='lat' dir='ltr'><strong>crassatur</strong></span> <span class='ocrx_word' id='word_1_295' title='bbox 727 4205 765 4261; x_wconf 89' lang='lat' dir='ltr'><em>W</em></span> <span class='ocrx_word' id='word_1_296' title='bbox 866 4205 900 4259; x_wconf 85' lang='grc'><strong>24</strong></span> <span class='ocrx_word' id='word_1_297' title='bbox 922 4204 991 4258; x_wconf 88' lang='lat' dir='ltr'><strong>bona</strong></span> <span class='ocrx_word' id='word_1_298' title='bbox 1011 4204 1051 4259; x_wconf 89' lang='lat' dir='ltr'><strong>D¹</strong></span> <span class='ocrx_word' id='word_1_299' title='bbox 1155 4208 1189 4262; x_wconf 82' lang='grc'><strong>25</strong></span> <span class='ocrx_word' id='word_1_300' title='bbox 1206 4210 1295 4263; x_wconf 88' lang='lat' dir='ltr'><strong>seculo</strong></span> 
     </span>
    </p>
   </div>
   <div class='ocr_carea' id='block_1_5' title="bbox 166 4296 1298 4466">
    <p class='ocr_par' dir='ltr' id='par_1_5' title="bbox 166 4296 1298 4466">
     <span class='ocr_line' id='line_1_36' title="bbox 166 4296 1298 4393; baseline 0.004 -16"><span class='ocrx_word' id='word_1_301' title='bbox 166 4323 196 4377; x_wconf 84' lang='lat' dir='ltr'><strong>n</strong></span> <span class='ocrx_word' id='word_1_302' title='bbox 294 4324 327 4379; x_wconf 82' lang='lat' dir='ltr'><strong>ar</strong></span> <span class='ocrx_word' id='word_1_303' title='bbox 346 4296 444 4379; x_wconf 69' lang='lat' dir='ltr'><strong>nerine</strong></span> <span class='ocrx_word' id='word_1_304' title='bbox 462 4324 492 4378; x_wconf 84' lang='lat' dir='ltr'><strong>n</strong></span> <span class='ocrx_word' id='word_1_305' title='bbox 585 4324 737 4393; x_wconf 63' lang='lat' dir='ltr'><strong>morerere</strong></span> <span class='ocrx_word' id='word_1_306' title='bbox 754 4325 795 4380; x_wconf 85' lang='lat' dir='ltr'><strong>D¹</strong></span> <span class='ocrx_word' id='word_1_307' title='bbox 899 4325 935 4379; x_wconf 86' lang='lat' dir='ltr'><strong>ec</strong></span> <span class='ocrx_word' id='word_1_308' title='bbox 951 4311 1064 4380; x_wconf 66' lang='lat' dir='ltr'><strong>crenus</strong></span> <span class='ocrx_word' id='word_1_309' title='bbox 1081 4325 1111 4379; x_wconf 85' lang='lat' dir='ltr'><strong>n</strong></span> <span class='ocrx_word' id='word_1_310' title='bbox 1208 4318 1298 4382; x_wconf 75' lang='lat' dir='ltr'><strong>emtu-</strong></span> 
     </span>
     <span class='ocr_line' id='line_1_37' title="bbox 169 4408 849 4466; baseline 0.004 -4"><span class='ocrx_word' id='word_1_311' title='bbox 169 4409 273 4463; x_wconf 86' lang='lat' dir='ltr'><strong>datione</strong></span> <span class='ocrx_word' id='word_1_312' title='bbox 292 4409 322 4463; x_wconf 90' lang='lat' dir='ltr'><strong><em>D</em></strong></span> <span class='ocrx_word' id='word_1_313' title='bbox 351 4408 530 4465; x_wconf 87' lang='lat' dir='ltr'><strong>emendationi</strong></span> <span class='ocrx_word' id='word_1_314' title='bbox 552 4410 589 4466; x_wconf 84' lang='lat' dir='ltr'><em>W</em></span> <span class='ocrx_word' id='word_1_315' title='bbox 692 4410 726 4465; x_wconf 83' lang='lat'><strong>32</strong></span> <span class='ocrx_word' id='word_1_316' title='bbox 744 4411 792 4465; x_wconf 89' lang='lat' dir='ltr'><strong>illc</strong></span> <span class='ocrx_word' id='word_1_317' title='bbox 808 4410 849 4464; x_wconf 71' lang='lat'><strong>12¹</strong></span> 
     </span>
    </p>
   </div>
   <div class='ocr_carea' id='block_1_6' title="bbox 217 4510 1193 4573">
    <p class='ocr_par' dir='ltr' id='par_1_6' title="bbox 217 4510 1193 4573">
     <span class='ocr_line' id='line_1_38' title="bbox 217 4510 1193 4573; baseline 0.002 -6"><span class='ocrx_word' id='word_1_318' title='bbox 217 4510 295 4567; x_wconf 84' lang='lat' dir='ltr'><strong>XIII.</strong></span> <span class='ocrx_word' id='word_1_319' title='bbox 331 4528 391 4573; x_wconf 77' lang='lat' dir='ltr'><strong>em.</strong></span> <span class='ocrx_word' id='word_1_320' title='bbox 405 4533 426 4572; x_wconf 87' lang='lat' dir='ltr'><strong>a.</strong></span> <span class='ocrx_word' id='word_1_321' title='bbox 1178 4518 1193 4569; x_wconf 76' lang='grc'><strong>2</strong></span> 
     </span>
    </p>
   </div>
   <div class='ocr_carea' id='block_1_7' title="bbox 0 0 1563 4967">
    <p class='ocr_par' dir='ltr' id='par_1_7' title="bbox 0 0 1563 4967">
     <span class='ocr_line' id='line_1_39' title="bbox 0 0 1563 4967; baseline 0 0"><span class='ocrx_word' id='word_1_322' title='bbox 0 0 1563 4967; x_wconf 95' lang='lat' dir='ltr'><strong> </strong></span> 
     </span>
    </p>
   </div>
  </div>
 </body>
</html>
