3092 4967
486 443 648 499 Conlatto
670 443 765 509 XIIII,
788 445 897 500 16-17.
1191 447 1254 513 421

122 634 307 716 passionum
331 632 362 697 et
383 634 518 697 maxime
551 633 765 701 fornicationis
800 635 979 702 dominatur
1009 636 1137 702 affectus
1161 637 1255 720 spiri·

122 737 223 802 talem
257 738 373 817 poterit
406 735 567 802 seientiam
600 739 767 819 possidere.
813 739 852 802 in
885 741 1002 804 eorde
1038 739 1121 804 emm
1159 739 1254 804 bono

122 839 358 921 requiescet
400 839 623 924 sapientia,
673 845 720 906 et:
764 841 834 923 qui
878 841 991 906 timet
1036 842 1253 920 dominum,

121 941 308 1007 inuentot
329 943 537 1010 seientiam
560 961 644 1008 oum
665 943 846 1010 institia.
877 943 935 1009 hoo
956 945 1062 1011 autem
1085 963 1145 1028 quo
1167 963 1255 1028 prae-

102 1044 263 1111 edirimus
284 1047 392 1114 ordine
413 1045 453 1112 ad
474 1047 651 1129 spiritalem
671 1049 834 1114 seientiam
856 1048 1012 1132 perueniri
1032 1049 1128 1114 etiarn
1145 1047 1253 1114 beatus

121 1149 287 1235 apostolus
319 1151 416 1215 docet.
460 1168 533 1215 nam
571 1169 643 1216 oum
675 1153 894 1217 uniuersorum
931 1151 1087 1217 uirtutum
1124 1169 1254 1217 suarum

120 1270 185 1317 uon
216 1253 321 1318 solnm
350 1254 529 1338 catalogum
561 1256 673 1333 terere,
706 1273 817 1319 uerum
847 1255 943 1319 etiam
977 1256 1115 1320 ordinem
1146 1274 1253 1321 aarum

120 1357 222 1422 uellet
256 1375 413 1441 exponere,
444 1359 482 1422 ut
511 1376 588 1440 quse
623 1376 717 1440 quam
750 1363 931 1440 sequeretur
960 1358 1012 1422 nel
1047 1376 1124 1442 quae
1158 1377 1254 1440 quam

120 1461 298 1542 parturiret
342 1461 535 1542 exprimeret
581 1465 652 1544 post
696 1461 859 1544 aliquanta
902 1461 1012 1526 intulit
1055 1462 1176 1526 dioensz
1214 1462 1253 1528 in

88 1563 302 1647 ronigiliia,
333 1565 372 1628 in
400 1563 582 1643 ieiuniis,
612 1564 653 1628 in
683 1564 892 1642 castitate,
923 1565 961 1628 in
991 1565 1184 1644 seientia,
1212 1568 1252 1633 in

119 1665 450 1749 longanimitate,
480 1665 519 1732 in
540 1668 766 1743 suauitate,
796 1669 836 1732 in
865 1668 1013 1750 spiritu
1036 1671 1190 1752 saneto,
1213 1669 1252 1735 in

119 1769 301 1835 caritate
332 1786 404 1833 non
426 1770 537 1836 fieta
573 1788 636 1853 qna
665 1770 883 1852 contegationo
904 1773 1059 1836 uirtutum
1082 1773 1281 1838 euidentia-9

119 1875 202 1938 sime
224 1889 283 1936 nos
305 1874 407 1938 uoluit
429 1873 551 1939 erudire
565 1873 604 1938 de
617 1872 737 1956 uigildo
756 1875 850 1956 atque
864 1875 990 1940 ieiuniis
1006 1875 1046 1940 ad
1062 1877 1249 1954 castitatem,

120 1977 157 2041 do
181 1975 332 2041 castitate
354 1977 393 2040 ad
416 1975 591 2056 seientiam,
622 1975 659 2041 de
688 1978 821 2043 seientia
842 1980 880 2043 ad
904 1977 1187 2061 longanimitatem,
1212 1978 1250 2043 do

88 2079 363 2165 ulonganimitato
384 2082 421 2144 ad
437 2079 638 2159 suauitatem,
653 2081 692 2145 de
708 2079 866 2145 suauitate
881 2080 921 2146 ad
936 2083 1080 2164 spiritum
1096 2084 1249 2158 sanetum,

118 2186 155 2251 de
186 2184 303 2267 spiritu
332 2186 438 2249 saneto
469 2182 510 2248 ad
539 2183 681 2249 oaritatIs
712 2200 773 2248 non
805 2184 895 2248 fictae
921 2184 1061 2266 praemia
1082 2187 1249 2268 peruenIri.

118 2305 190 2354 oum
222 2287 322 2370 igitur
351 2286 411 2351 hao
439 2284 607 2369 disoiplina
636 2287 729 2368 atque
757 2286 816 2352 hoo
846 2289 953 2352 ordine
978 2289 1014 2352 tn
1036 2304 1156 2371 quoque
1178 2307 1249 2370 per·

117 2390 244 2456 ueneris
274 2388 314 2454 ad
343 2389 506 2454 seientiam
535 2387 719 2472 spirItalem
751 2390 879 2455 habebis
909 2389 1017 2472 procul
1047 2391 1140 2456 dubio
1167 2391 1250 2456 siout

117 2494 256 2559 diximus
277 2509 338 2558 non
359 2490 499 2556 sterilem
521 2508 578 2556 neo
602 2492 745 2570 inertem,
769 2495 824 2557 sod
840 2493 982 2557 uiuidam
996 2492 1248 2576 fructuosamque

85 2597 305 2673 rodootrmam,
335 2613 500 2677 semenque
528 2595 676 2660 salutaris
705 2593 805 2670 uerbi,
836 2596 917 2676 quod
941 2614 959 2662 a
981 2597 1013 2661 te
1043 2595 1139 2660 fuerit
1161 2597 1249 2664 audi-

118 2702 243 2766 ontium
279 2695 423 2763 cordibus
460 2698 708 2780 conmendatum,
753 2697 945 2780 subsequens
981 2697 1110 2780 spirituo
1148 2703 1249 2766 saneti

116 2803 221 2869 imber
251 2799 451 2884 largissimus
480 2798 665 2866 secundabit
688 2818 725 2865 ao
747 2801 918 2866 seeundum
941 2799 972 2866 id
994 2803 1075 2883 quod
1097 2802 1250 2885 propheta

116 2905 282 2988 pollioitus
304 2904 354 2969 est
375 2902 540 2969 dabitur
569 2904 710 2987 pluuia
739 2905 988 2984 nominituo,
1012 2905 1248 2990 ubioumqua

117 3009 390 3076 seminaueris
411 3009 450 3074 in
472 3009 598 3075 terra:
622 3012 660 3074 ot
682 3010 800 3093 panis
822 3009 981 3093 frugum
1005 3014 1138 3076 torrae
1155 3015 1247 3077 tuae

84 3115 198 3180 uerit
218 3112 282 3178 tibi
304 3113 550 3191 uberrimus,
574 3114 612 3177 et
633 3114 806 3197 pinguis.

158 3231 262 3298 XVII.
293 3229 376 3298 Cano
405 3233 501 3298 stiam
531 3251 571 3298 ns
600 3232 784 3316 tuaequae
813 3253 874 3298 non
904 3235 970 3298 tam
1000 3235 1131 3300 leotiono
1153 3251 1246 3315 quom

117 3335 327 3418 experientiae
348 3338 461 3402 sudore
483 3335 639 3422 didioerIs,
663 3355 733 3401 oum
749 3338 782 3402 te
797 3339 884 3402 aetas
899 3337 1052 3402 maturior
1068 3337 1247 3419 prouexerit

118 3441 157 3504 ed
182 3439 364 3520 dooendum,
386 3456 487 3505 uanae
509 3439 625 3523 gloriae
647 3457 752 3505 amors
775 3440 920 3506 seductus
935 3440 1094 3505 inmundis
1110 3438 1247 3504 homini·

221 3657 464 3724 mmmm
567 3658 786 3727 smum
889 3624 1246 3726 onmaue'

117 3743 355 3810 amma

169 3948 189 4001 3
206 3950 347 4018 requioseit
364 3949 466 4003 mro
482 3955 509 4004 et
529 3949 607 4020 Vutp.
704 3951 839 4020 sapientia
856 3955 885 4007 et
901 3953 1012 4007 iusticia
1030 3956 1055 4006 Τ
1150 3957 1177 4010 et
1194 3971 1246 4011 om.

116 4035 147 4086 II
242 4036 260 4090 4
280 4035 386 4089 inuenit
408 4037 437 4087 Π
533 4037 646 4091 seientia
667 4038 695 4089 Σ
791 4039 809 4093 8
826 4041 858 4092 nt
876 4041 1049 4109 quaequam]
1069 4043 1100 4095 ut
1117 4043 1245 4111 quaedam

116 4121 156 4172 Π·
256 4122 339 4191 9pos
356 4123 395 4174 11¹
413 4123 516 4178 ataid.
623 4124 655 4177 12
673 4125 702 4178 in
719 4140 774 4194 qua
791 4125 842 4180 IIo
946 4128 978 4182 16
995 4128 1135 4195 peruenire
1154 4128 1179 4182 Ο

118 4209 153 4261 19
170 4207 291 4262 storolem
308 4208 349 4260 11¹
443 4210 534 4264 uiuam
552 4210 602 4264 IIe
696 4210 732 4264 20
749 4211 829 4280 qnod]
848 4211 919 4280 quod
938 4228 997 4266 oum
1015 4216 1041 4266 Y
1055 4215 1087 4270 o'a
1098 4230 1152 4270 rae.
1169 4232 1205 4270 m.
1216 4219 1245 4280 2,

117 4299 179 4348 ete
277 4295 312 4349 22
335 4293 411 4349 luber
434 4293 459 4347 Ο
561 4293 717 4350 fsonndauIt
738 4297 767 4348 Σ
869 4297 937 4366 prot.
955 4299 986 4350 Π
1084 4301 1119 4356 24
1136 4301 1245 4370 frugum

119 4395 171 4435 oua
184 4381 212 4431 Τ
290 4379 325 4436 25
336 4381 390 4435 tibi
400 4397 451 4436 ooo
463 4381 492 4432 Π
498 4381 573 4436 YOo
658 4383 693 4436 26
705 4381 801 4438 xvrn
814 4382 840 4435 0
925 4384 958 4439 II
971 4389 1126 4453 prouexerat
1137 4388 1177 4439 Πι
