3092 4967
523 459 684 515 Conlatio
705 461 764 526 XV,
782 463 858 518 3-6.
1192 467 1254 532 431

124 645 162 712 de
186 646 314 712 heremo
346 648 455 714 diebus
484 649 790 732 Quinquagensima
816 652 1000 734 perrexisset
1022 653 1095 717 eta
1124 655 1255 720 muliere

122 749 261 832 quadam
292 752 462 832 paruulum
493 769 587 818 sunm
620 753 714 819 lactis
746 753 854 836 inopia
887 754 950 820 iam
983 755 1127 822 tabidum
1160 761 1254 840 atque

122 853 314 920 seminecem
342 854 535 935 praeferente
567 856 744 921 lacrimosis
772 858 914 940 precibus
941 857 1055 924 fuisset
1075 861 1254 943 obstrictus,

123 956 256 1022 oohoem
286 956 317 1021 ei
346 975 446 1040 aquae
475 959 650 1041 potandum
680 961 819 1042 inpresso
849 960 950 1026 crucis
972 963 1135 1046 signaculo
1157 963 1253 1041 dedit,

100 1058 212 1125 eonius
242 1059 359 1124 haustu
392 1061 559 1127 confestim
591 1063 708 1128 mirum
729 1062 765 1127 in
787 1064 914 1128 modum
937 1065 1024 1130 arida
1045 1066 1108 1132 iam
1130 1067 1253 1149 penitus

119 1163 218 1228 ubera
242 1162 336 1230 laetis
357 1167 446 1247 copia
467 1164 659 1232 redundante
680 1166 843 1232 tinxerunt.

161 1281 204 1348 V.
237 1281 298 1346 Vel
327 1301 397 1349 anm
427 1285 511 1351 idam
537 1287 602 1368 ipse
625 1305 756 1369 pergens
779 1291 817 1354 ad
841 1288 946 1354 uicum
968 1289 1181 1354 circumdatus
1205 1294 1252 1354 aet

120 1385 337 1452 inludentium
354 1387 466 1465 turbis,
489 1391 543 1472 qni
564 1391 795 1456 subsannantes
817 1391 1025 1456 ostendebant
1046 1393 1074 1458 ei
1097 1391 1252 1474 quendum

118 1489 284 1556 hominem
317 1493 477 1557 contracto
513 1510 596 1576 genu
628 1495 738 1559 multis
772 1495 835 1559 iam
869 1495 959 1560 annis
991 1512 1117 1579 gressus
1150 1494 1251 1560 officio

86 1593 313 1659 rodastitutum
343 1597 375 1659 et
405 1595 535 1677 antiqua
567 1596 732 1662 debilitate
764 1599 954 1680 reptantem,
987 1615 1024 1663 ac
1058 1599 1250 1680 temptantes

119 1715 203 1778 enm,
235 1698 374 1776 ostende,
403 1698 541 1778 aiebant,
572 1700 652 1766 abba
681 1701 852 1782 Abrabam,
885 1702 912 1766 si
941 1719 1050 1767 sarnus
1080 1719 1113 1767 es
1137 1702 1197 1780 dei,
1220 1703 1252 1767 at

118 1804 256 1868 restitue
277 1803 360 1868 hunc
382 1803 536 1885 pristinae
558 1805 699 1887 sanitati,
723 1805 760 1870 ut
782 1822 895 1872 nomen
919 1805 1038 1872 Christi
1060 1823 1153 1889 quem
1175 1805 1251 1871 nobs

117 1923 239 1971 uanum
260 1924 322 1973 non
343 1924 411 1972 esse
426 1909 597 1974 credamus.
630 1911 700 1973 tum
717 1909 775 1974 illa
790 1909 959 1976 confestim
972 1910 1117 1976 inuocato
1133 1909 1251 1976 Christi

118 2010 250 2076 nomine
276 2010 432 2076 inclinans
462 2027 496 2076 sa
524 2013 558 2076 et
582 2012 816 2093 adprehendens
839 2012 961 2076 aridum
983 2015 1093 2096 padam
1115 2010 1251 2077 bominis

86 2113 228 2178 retraxit.
267 2114 357 2179 euius
377 2116 467 2180 tactu
489 2115 636 2180 continuo
659 2117 778 2180 siccum
800 2132 884 2196 genu
906 2117 1130 2197 inenruumqne
1152 2116 1248 2181 direc-

117 2221 189 2280 tnm
211 2221 263 2282 est
283 2235 320 2282 aa
339 2221 463 2300 recepto
484 2236 543 2282 usn
564 2235 740 2301 gestuum,
770 2237 863 2300 quem
890 2217 1040 2285 obliuioni
1062 2220 1126 2284 iam
1148 2218 1248 2283 trudi·

118 2320 208 2385 derat
230 2337 349 2385 annosa
370 2320 527 2400 debilitas,
552 2324 654 2388 iaetus
675 2321 834 2388 abscessit.

159 2441 218 2505 VI.
242 2442 286 2506 Hi
309 2442 416 2524 itaque
436 2441 498 2506 uiri
520 2442 600 2507 nibil
623 2443 687 2508 sibi
709 2461 764 2526 pro
788 2442 902 2508 talium
918 2441 1114 2508 mirabilium
1129 2441 1248 2506 uirtute

118 2544 287 2621 donabant,
321 2543 395 2625 quia
424 2561 486 2608 non
508 2544 585 2610 baec
613 2563 670 2609 sno
692 2547 804 2611 merito
828 2546 889 2630 agi,
913 2549 966 2612 sed
989 2545 1105 2611 domini
1127 2546 1247 2612 miseri-

85 2649 222 2713 aoordia
244 2647 433 2726 fatebantur,
456 2647 636 2732 apostolicis
666 2649 773 2714 uerbis
802 2650 836 2716 in
859 2649 1064 2716 admiratione
1086 2649 1247 2732 signorum

117 2751 291 2816 humanam
320 2751 454 2835 gloriam
482 2748 675 2817 refutantes:
709 2752 791 2817 niri
820 2752 984 2830 fratres,
1015 2751 1105 2834 qnid
1134 2751 1247 2816 mirs-

116 2853 217 2918 mini
239 2854 280 2918 in
302 2854 388 2932 boo,
411 2857 479 2918 aut
499 2871 572 2919 noa
593 2855 686 2936 quid
715 2855 953 2934 intuemini,
977 2856 1088 2938 quasi
1110 2855 1246 2920 nostra

116 2956 273 3022 uirtute
294 2958 363 3022 aut
384 2958 543 3040 pietate
565 2958 777 3025 fecerimus
804 2960 908 3025 buno
930 2959 1156 3025 ambulare?
1189 2975 1246 3023 neo

116 3079 307 3143 quamquam
329 3064 361 3126 in
384 3061 475 3127 donis
496 3079 532 3127 ac
555 3061 756 3129 mirabilibus
778 3063 838 3142 dei,
865 3063 920 3128 sed
941 3064 1045 3145 potius
1060 3081 1096 3127 ex
1110 3062 1245 3146 propriis

84 3164 274 3230 anirtntum
295 3163 451 3230 metibus
472 3166 716 3247 praedicandum
741 3185 808 3232 esse
830 3167 1008 3246 censebant,
1025 3165 1079 3248 qui
1092 3166 1247 3230 industria

116 3267 233 3333 mentis
262 3271 295 3332 et
324 3284 453 3351 operum
482 3270 601 3333 uirtute
630 3273 831 3354 generantur.
869 3270 1051 3353 plerumque
1083 3269 1174 3347 enim,
1209 3271 1274 3341 nt2

115 3389 210 3454 supra
230 3372 296 3436 iarn
319 3372 438 3437 dietum
462 3376 519 3448 ast,
543 3373 685 3438 hominos
714 3373 819 3437 monte
849 3374 997 3455 corrupti,
1021 3369 1141 3455 reprobi
1165 3371 1246 3436 circa

217 3590 375 3660 mnae,
396 3591 429 3646 ns

168 3798 183 3850 1
199 3767 448 3867 quinquegr‘rrimea
457 3799 534 3869 (eici)
551 3800 582 3852 Π
609 3799 876 3870 quinquagesimo
966 3799 983 3854 2
1001 3799 1131 3868 qmedern
1148 3801 1177 3852 Π

113 3881 298 3951 inopinam
401 3884 457 3939 iarn
483 3901 534 3942 on.
561 3887 593 3938 11
702 3887 720 3942 3
746 3886 895 3942 adstrictus
921 3887 947 3939 Y
1052 3887 1070 3942 4
1097 3886 1243 3956 potandum

112 3968 155 4018 Πι
252 3970 481 4025 birnmodumO
578 3973 852 4041 toopialactisflo
955 3974 1175 4030 beontrnctuz

113 4053 151 4107 10
173 4055 318 4111 temtantes
341 4058 371 4109 Σ
475 4058 506 4112 11
530 4058 670 4113 caudore
692 4061 718 4111 ‘t'
819 4058 937 4129 agebant
959 4059 990 4111 Π
1094 4057 1243 4114 habraham

112 4140 141 4189 Τ
245 4143 279 4197 14
304 4142 439 4197 inclinans
467 4143 504 4213 se]
530 4145 676 4200 inclinasse
702 4145 775 4199 11¹0
884 4145 918 4200 15
943 4160 1105 4215 nuruumque
1131 4147 1176 4198 Tc

113 4225 149 4278 16
167 4239 286 4294 gramm
304 4228 366 4281 ΣΟ
459 4229 494 4285 18
509 4229 550 4285 hii
567 4230 634 4284 ΨΟ
725 4231 758 4286 19
776 4230 850 4299 haee]
870 4246 900 4285 er
917 4231 946 4284 Σ
1031 4229 1243 4286 misericordiam

112 4310 156 4360 Πι
249 4315 283 4368 21
302 4315 365 4384 uiri]
383 4317 460 4369 utf'
542 4315 716 4372 admiramini
731 4316 812 4372 1100
907 4317 942 4372 22
959 4317 988 4370 in
1005 4331 1057 4372 orn.
1074 4318 1100 4370 P
1182 4316 1240 4384 ant]

112 4398 148 4450 nt
166 4397 191 4450 Ο
289 4400 325 4454 24
342 4417 374 4456 ec
391 4401 570 4472 mirabilibus]
590 4403 755 4458 mirabilium
772 4406 799 4456 Τ
898 4403 931 4459 27
950 4404 1004 4458 ium
1021 4417 1072 4460 om.
1090 4405 1116 4456 Τ
