3092 4967
320 423 385 490 510
714 423 877 477 Iohannis
895 422 1053 478 Cassiani

320 630 431 694 quam
455 629 571 695 egens
594 614 680 677 erat
701 613 933 679 interillos:
957 618 1151 696 quotquot
1173 615 1276 679 enim
1296 635 1443 700 posses-

320 733 427 779 sores
456 732 637 797 agrorum
667 718 736 780 aut
765 717 964 782 domorum
995 721 1122 801 erant,
1146 719 1363 785 uendentes
1386 720 1443 785 ad·

319 817 501 883 ferebant
521 819 651 900 pretia
672 834 803 884 eorum
826 839 923 902 quae
946 821 1230 888 uendebantet
1246 823 1443 904 ponebant
1517 827 1518 872 i

319 924 410 986 ante
439 923 555 1005 pedes
585 924 878 1003 apostolorum:
913 923 1173 990 diuidebatur
1202 930 1333 992 autem
1367 928 1441 992 sin·
1517 971 1518 996 i

288 1025 425 1107 agulis
448 1029 564 1108 prout
586 1026 730 1108 cuique
752 1044 850 1108 opus
880 1030 973 1093 erat.
1012 1027 1096 1105 talis,
1120 1028 1258 1112 inquam,
1283 1032 1351 1094 erat
1371 1033 1470 1095 tunes
1517 1105 1518 1118 1

318 1130 419 1194 omnis
448 1130 590 1208 eeclesia,
618 1131 725 1212 quales
754 1151 838 1197 nuno
869 1150 1036 1215 perpaucos
1064 1133 1100 1198 in
1125 1134 1282 1198 coenobiis
1306 1133 1439 1198 inuenire
1517 1121 1518 1214 q

319 1232 446 1298 difficile
467 1235 526 1297 est.
563 1235 618 1300 sed
641 1251 712 1298 oum
733 1235 944 1318 apostolorum
975 1255 1099 1302 excessu
1122 1240 1275 1319 tepescere
1297 1239 1440 1320 coepisset
1517 1263 1518 1308 l

319 1336 513 1402 credentium
545 1336 724 1418 multitudo,
755 1356 793 1402 ea
814 1339 866 1404 uel
887 1338 1023 1405 maxime
1046 1358 1126 1422 quae
1147 1341 1186 1404 ad
1208 1340 1304 1405 iidem
1325 1340 1438 1406 (ibristi

317 1438 355 1504 de
377 1438 562 1522 alienigenis
590 1458 628 1504 ac
657 1440 790 1506 diuersis
813 1441 961 1524 gentibus
987 1441 1172 1519 confluebat,
1195 1461 1214 1506 a
1235 1442 1349 1524 quibus
1370 1461 1438 1524 epo·

318 1542 390 1606 stoli
413 1560 468 1625 pro
490 1541 569 1622 ipsis
590 1541 664 1606 fidei
693 1541 880 1608 rudimentis
903 1548 935 1608 et
958 1543 1133 1609 inueterata
1158 1547 1349 1628 gentilitatis
1370 1565 1466 1611 oon-n

318 1644 482 1711 suetudine
505 1644 583 1709 nibil
605 1644 740 1725 amplius
762 1643 950 1726 expetebant
965 1647 1024 1712 nisi
1048 1649 1090 1712 ut
1111 1647 1156 1712 ab
1177 1648 1437 1716 inmolaticiis

316 1749 517 1814 idolorum
540 1752 579 1812 et
600 1747 874 1814 fornicatione
896 1755 932 1814 et
955 1749 1177 1815 suffocatis
1193 1752 1436 1835 etsanguine

317 1850 535 1933 temperarent,
559 1855 653 1932 atque
673 1851 738 1916 ista
759 1850 891 1918 libertas
914 1871 992 1934 quae
1007 1854 1155 1937 gentibus
1170 1859 1297 1938 propter
1311 1855 1436 1921 intirmi·
1517 1835 1518 1898 1

316 1956 416 2020 tatem
446 1957 565 2036 primae
596 1954 795 2020 credulitatis
826 1954 949 2022 indulta
979 1958 1028 2022 est
1057 1957 1151 2022 etiam
1181 1959 1267 2026 illius
1294 1961 1434 2026 eeclesiae

315 2057 538 2139 perlectionem
568 2075 646 2139 quae
674 2055 900 2140 Hierosolymis
929 2059 1121 2126 consistebat
1150 2062 1305 2143 paulatim
1335 2067 1463 2128 coum-s

315 2163 433 2227 minare
456 2160 617 2242 coepisset,
641 2163 672 2224 et
694 2162 851 2225 crescente
873 2162 987 2227 cotidie
1009 2162 1060 2226 uel
1077 2162 1297 2248 indigenarum
1312 2183 1433 2231 numero

315 2262 366 2330 uel
396 2264 586 2330 aduenarum
614 2263 736 2346 primae
765 2263 853 2329 illius
884 2263 957 2330 lidei
987 2265 1204 2349 refrigesceret
1237 2268 1350 2348 feruor,
1377 2287 1433 2334 non
1517 2341 1518 2344 Ἴ

313 2368 416 2434 solum
438 2367 473 2434 hi
495 2369 549 2450 qui
571 2367 610 2432 ad
631 2365 728 2432 fidem
750 2365 868 2432 Christi
890 2367 1113 2453 conduxerant,
1141 2389 1249 2436 uerum
1274 2372 1367 2437 etiam
1385 2371 1432 2436 illi

314 2473 366 2554 qui
396 2475 485 2536 erant
515 2471 661 2536 ecclesiae
691 2469 847 2552 principes
878 2471 916 2536 ab
938 2470 995 2536 illa
1018 2472 1212 2540 districtione
1236 2475 1332 2541 laxati
1352 2475 1428 2540 sunt

284 2575 456 2643 3nonnulli
490 2575 585 2652 euim,
618 2574 829 2639 existimantes
859 2573 890 2639 id
922 2575 1003 2658 quod
1033 2575 1185 2642 uidebant
1214 2577 1356 2662 gentibus
1379 2593 1459 2660 prore

313 2677 500 2742 infirmitate
523 2695 701 2743 concessum
731 2677 793 2742 sibi
816 2675 913 2742 etiam
936 2677 1071 2760 licitum,
1101 2679 1180 2744 nihil
1203 2698 1236 2744 se
1260 2679 1429 2746 detrimenti

313 2781 433 2862 perpeti
464 2779 670 2862 crediderunt,
702 2780 730 2844 si
761 2799 830 2844 oum
863 2780 1050 2846 substantiis
1079 2800 1115 2846 ao
1144 2783 1352 2850 facultatibus
1372 2783 1427 2848 suis

314 2882 406 2948 fidem
431 2882 547 2948 Christi
571 2883 857 2966 confessionemque
887 2886 1099 2968 sequerentur.
1138 2885 1169 2950 hi
1199 2888 1306 2952 autem
1328 2885 1427 2971 quibus

313 2987 416 3052 adhue
437 2986 623 3069 apostolicus
645 2987 746 3052 inerat
769 2988 883 3066 feruor,
912 3006 1065 3054 memores
1087 2987 1174 3056 illius
1196 2991 1348 3073 pristinae
1367 3009 1424 3074 per·

313 3089 467 3164 iectionis.
497 3089 690 3155 discedentes
720 3109 738 3155 a
768 3091 953 3158 ciuitatibus
980 3094 1045 3158 suis
1067 3092 1254 3175 illorumque
1277 3095 1457 3163 consortiae

314 3192 368 3277 qui
390 3193 453 3259 sibi
473 3193 526 3257 uel
542 3194 688 3259 ecclesiae
703 3193 752 3258 dei
768 3195 954 3261 remissioris
970 3197 1054 3261 uitae
1069 3197 1304 3279 neglegentiam
1319 3198 1423 3262 licitam

314 3315 380 3362 esse
402 3295 581 3376 credebant,
603 3296 638 3362 in
660 3296 738 3362 locis
761 3295 953 3362 suburbanis
973 3317 1008 3362 ao
1023 3299 1241 3364 secretioribus
1259 3317 1426 3366 conmanere

313 3400 344 3463 et
377 3417 420 3476 ea,
459 3418 537 3481 quae
575 3400 615 3465 ab
651 3400 801 3482 apostolis
839 3419 892 3482 per
929 3401 1110 3466 uniuersum
1146 3421 1257 3486 corpus
1293 3405 1424 3468 ecclesiae

416 3622 638 3688 lll.c.15,29

365 3828 379 3880 1
406 3827 547 3896 quodquod
573 3828 628 3884 FO
658 3827 796 3898 quodquot
823 3829 861 3884 R*
965 3831 1048 3899 eninr]
1076 3835 1165 3888 autem
1192 3832 1223 3888 F
1327 3833 1343 3887 3
1368 3844 1427 3899 quac

313 3912 464 3967 uendebant
480 3930 530 3968 om.
549 3914 579 3969 F
681 3915 910 3970 ddiuidebantur
928 3916 1063 3972 FOR¹K¹
1166 3921 1257 3972 autern
1275 3917 1368 3973 ora-R

312 3999 327 4050 7
347 4013 406 4052 oum
424 4002 486 4067 post
505 4004 590 4069 apost
609 4017 742 4055 moestum
765 4001 850 4056 ΘΒΚ
855 4019 870 4056 υ
967 4003 1044 4073 See]
1062 4008 1090 4058 et
1107 4004 1147 4058 K¹
1247 4001 1425 4070 9alieniginis

312 4084 353 4138 K¹
457 4085 491 4138 12
514 4086 688 4141 suffocaticiis
709 4085 738 4141 R
842 4089 874 4143 13
893 4087 978 4156 adque
996 4089 1051 4144 FB
1154 4089 1186 4144 15
1204 4083 1425 4158 hierosolymiti?

312 4173 340 4224 in
359 4172 532 4240 gerosolimis
551 4172 578 4228 R
607 4172 785 4228 iherosolimis
809 4173 831 4228 O
934 4175 966 4228 16
984 4175 1106 4244 quotidie
1128 4176 1151 4229 0
1254 4174 1419 4244 indigiuarun

313 4258 353 4312 Ι(ι
457 4257 490 4311 18
515 4257 556 4312 hii
580 4259 612 4314 F
614 4259 697 4315 ΘΒΚ
803 4261 837 4313 23
863 4259 904 4312 hii
930 4259 1046 4316 FORK
1149 4261 1183 4314 26
1208 4260 1365 4316 remissionis
1387 4255 1417 4310 Ρ

313 4343 475 4398 remissiores
493 4343 538 4398 K¹
640 4344 836 4414 negligentiam
854 4346 915 4400 ΓΚ
919 4350 925 4376 ¹
