3092 4967
308 393 374 460 456
696 391 866 446 Iohannis
890 391 1048 448 cessioni

309 579 416 646 uerbis
437 585 473 646 ut
496 581 648 646 tenentur
670 580 812 661 inritent,
836 597 967 662 eumque
984 578 1035 644 uel
1051 577 1114 644 leui
1129 577 1246 642 fuerint
1260 577 1424 660 inpulsione

311 683 456 760 contacti,
480 685 576 750 eliam
597 701 718 768 quoque
740 687 861 766 portem
884 683 1019 767 eorporis
1038 681 1187 764 ingerunt
1200 679 1423 760 uerberaudem,

311 788 401 869 quusi
422 806 477 870 per
491 786 550 852 hoo
565 787 787 871 perfeetiouem
804 785 943 852 mundati
959 785 1045 852 illius
1062 783 1212 867 inpleturi
1230 802 1290 868 quo
1306 785 1424 850 dieitur:

310 891 345 956 si
381 891 469 972 quis
505 895 542 957 te
578 892 826 974 percusserit
869 891 907 955 in
945 891 1109 954 dextero
1154 885 1314 952 maxilla
1350 888 1424 964 tue,

311 994 453 1077 proebe
484 993 551 1058 illi
585 994 623 1059 et
655 993 839 1076 alteram,
873 993 1046 1076 scripturae
1079 991 1146 1056 uim
1178 1011 1214 1057 ao
1243 991 1454 1075 propositums

310 1094 435 1179 penitus
478 1095 669 1178 ignorantes.
722 1098 936 1181 euangelicam
980 1114 1114 1178 nemque
1158 1093 1344 1178 patientiam
1378 1112 1425 1175 por

310 1196 489 1265 racundiae
520 1201 634 1266 uitium
664 1219 804 1266 exeruere
833 1219 865 1265 se
893 1200 1017 1283 putent,
1041 1199 1079 1263 ob
1107 1198 1189 1281 quod
1211 1197 1362 1263 radicitus
1382 1218 1426 1262 er-

312 1301 479 1367 oidendum
508 1320 571 1368 nou
599 1303 700 1368 solum
730 1303 914 1367 uioissitudo
937 1301 1064 1368 talionis
1088 1305 1120 1365 st
1136 1301 1335 1366 oouoerteudi
1357 1301 1425 1364 iuri·

312 1404 392 1471 tatio
424 1404 615 1488 prohibetur,
649 1405 705 1470 sed
738 1403 835 1470 etiam
868 1405 1003 1470 furorem
1036 1403 1231 1470 uerbersutis
1260 1403 1426 1486 geminetee

310 1506 455 1575 iubemur
477 1508 609 1576 iniuriae
633 1509 800 1574 tolerantie
821 1509 976 1591 mitigare.
1434 1537 1454 1576 ιο

353 1629 440 1696 XXI.
464 1647 665 1698 arnume:
689 1629 849 1712 Quomodo
871 1628 1138 1712 reprehendendus
1161 1631 1208 1694 est
1232 1628 1332 1711 isqui
1347 1647 1426 1711 pres·

312 1737 403 1817 cepto
423 1733 619 1800 satisiooiens
641 1733 823 1816 euangelioo
846 1749 907 1796 nou
935 1730 1035 1798 solum
1057 1750 1120 1798 uon
1142 1730 1254 1798 intulit
1276 1732 1426 1809 talionem,

312 1837 368 1904 sed
391 1837 488 1902 etiem
509 1839 639 1922 paratus
661 1840 708 1902 est
730 1839 766 1902 ut
789 1834 915 1904 sibimet
936 1835 1112 1920 geminetur
1135 1834 1271 1901 iniuria?

356 1957 459 2022 XXII.
481 1973 620 2022 rosurut
644 1955 734 2022 Siout
754 1957 847 2040 poulo
871 1957 944 2021 ente
967 1956 1088 2021 dietum
1110 1961 1167 2036 est,
1191 1973 1251 2022 uon
1274 1955 1371 2020 solum
1385 1971 1427 2019 res

314 2061 382 2143 ipse
411 2079 489 2143 quoe
517 2061 645 2144 geritur,
674 2060 728 2126 sed
758 2059 856 2125 etiem
884 2057 1019 2141 qunlitos
1051 2057 1166 2124 mentis
1189 2059 1223 2124 et
1244 2062 1456 2143 propositumn

313 2163 456 2230 ferientis
478 2163 529 2229 est
549 2162 743 2228 intuendum.
781 2166 813 2228 et
834 2163 949 2230 ideireo
972 2162 1001 2228 si
1023 2163 1066 2237 id,
1093 2162 1175 2245 quod
1198 2161 1238 2228 ob
1255 2179 1430 2245 unoquoque

313 2267 483 2351 perficitur,
518 2283 578 2350 quo
611 2266 715 2332 animo
743 2265 800 2332 fiet
827 2266 879 2332 uel
908 2283 968 2350 quo
997 2265 1146 2349 prooedut
1178 2265 1294 2331 affeetu
1326 2265 1429 2330 intimo

313 2372 513 2456 perpendetis
542 2369 643 2436 oordis
672 2370 821 2452 oramine,
851 2369 1002 2435 uidebitis
1035 2369 1205 2452 patientioe
1238 2366 1428 2450 lenitatisque

313 2477 463 2542 uirtutem
488 2491 683 2557 nequequam
705 2491 794 2556 posse
809 2474 963 2539 ooutrorio
977 2473 1100 2557 spiritu,
1126 2471 1222 2538 idest
1237 2470 1429 2554 inpatientius

283 2575 351 2645 2eo
378 2577 491 2643 furoris
519 2577 644 2660 inpleri.
682 2575 837 2660 siquidem
870 2576 1014 2642 domiuus
1048 2580 1152 2640 noster
1178 2577 1273 2656 atque
1302 2575 1458 2640 saluatoris

316 2682 355 2748 sd
383 2681 567 2765 profundam
596 2698 651 2745 nos
680 2679 837 2745 instruens
862 2679 1033 2762 patientiae
1055 2678 1256 2760 lenitatisque
1279 2679 1429 2755 uirtutem,

315 2785 346 2851 id
369 2788 416 2849 est
438 2803 499 2850 nou
520 2786 557 2848 ut
579 2783 673 2849 lobiis
697 2801 765 2848 eom
788 2782 1006 2848 tautummodo
1028 2781 1249 2866 praeferemus,
1273 2781 1327 2846 sed
1349 2780 1430 2845 utin

315 2888 437 2954 intimis
467 2888 589 2953 enimse
620 2889 746 2952 nostroe
772 2886 876 2970 adytis
904 2887 1115 2966 reooudsmus,
1138 2886 1234 2951 istem
1257 2885 1346 2950 nobis
1367 2901 1429 2966 per·

315 2989 459 3057 iectionis
492 2990 690 3074 euangelicos
727 2988 897 3056 formulam
933 2988 1020 3054 dedit
1056 2988 1178 3055 diceus:
1212 2989 1247 3053 si
1281 2988 1368 3071 quis
1398 2989 1431 3050 te

315 3092 561 3178 percusserit
589 3094 628 3158 iu
654 3096 817 3159 dextere
843 3091 1011 3158 murillo
1038 3096 1118 3177 tua,
1147 3091 1290 3175 proebe
1312 3091 1378 3157 illi
1398 3089 1456 3153 ets

315 3199 487 3263 olterem
530 3195 728 3280 (subauditur
763 3199 830 3263 sine
867 3195 962 3260 dubio
1006 3195 1226 3274 dexterum,
1265 3213 1344 3278 ques
1376 3191 1431 3258 elie

315 3303 440 3368 dextere
468 3299 529 3366 nisi
557 3299 591 3366 iu
618 3299 778 3366 interioris
811 3298 946 3366 hominis
975 3300 1011 3364 ut
1039 3299 1083 3364 ite
1111 3297 1242 3366 dixerim
1274 3298 1351 3364 isoio
1377 3311 1430 3361 non

416 3519 599 3586 4Mt.5,39

368 3729 560 3800 lqumqueO
660 3728 768 3796 dquod
787 3728 812 3780 0
905 3727 1075 3784 idertreO
1164 3727 1285 3782 dextrum
1304 3725 1428 3782 merirum

317 3818 393 3870 tuem
418 3816 449 3868 Π
549 3817 567 3869 5
592 3815 678 3869 ultore
701 3815 730 3864 Σ
832 3813 848 3868 7
872 3829 1005 3868 exsecrere
1026 3813 1056 3864 Σ
1157 3815 1257 3882 putent
1280 3813 1323 3882 ob]
1346 3809 1430 3881 putent

316 3901 367 3956 hoo
385 3901 413 3952 Σ
511 3901 546 3955 10
562 3899 731 3954 tolmitism
749 3899 821 3952 ΣΠι
922 3899 954 3953 19
972 3899 1135 3968 inpatientia
1153 3900 1181 3950 Σ
1285 3897 1320 3954 20
1336 3893 1430 3966 impleri

317 3987 380 4039 ΣΠ
479 3986 513 4040 21
531 4001 579 4040 uos
596 4001 646 4040 osse
664 3985 695 4037 Π
796 3985 831 4040 22
853 3985 1019 4054 proferemus
1042 3984 1096 4038 ΤΟ
1198 3987 1230 4038 ut
1250 3991 1312 4054 pest
1329 3983 1371 4039 sed
1387 3997 1430 4036 on.

315 4073 355 4125 ΣΙ
458 4071 492 4126 23
518 4070 600 4127 oditis
627 4071 716 4125 ZYO
737 4077 764 4126 et
788 4071 818 4124 Π
843 4087 878 4126 eo
900 4087 971 4127 eorr.
1075 4072 1108 4126 25
1137 4071 1229 4126 dentre
1254 4071 1285 4123 Π
1380 4066 1430 4122 illio

315 4159 356 4210 Πι
397 4230 399 4235 Ι
448 4155 856 4212 ffisubeuditm...dertsrem
869 4171 920 4212 om.
933 4159 959 4210 Τ
1042 4156 1164 4210 dextram
1181 4157 1212 4209 Π
1302 4151 1429 4212 maistin

315 4244 429 4313 eortpee':
457 4243 511 4296 nisi
529 4241 667 4298 ΣΠΤΟυ
762 4241 1111 4310 ieoiem(uoueroo.)11¹
1141 4243 1224 4298 feries
1241 4243 1329 4296 H¹To
1345 4240 1428 4296 fsoiem

317 4329 343 4382 0
439 4343 492 4383 nou
510 4343 561 4385 oso.
579 4330 623 4383 ‘Po
723 4329 777 4383 nisi
795 4327 1096 4384 interioris....iooiie
1113 4344 1166 4384 nou
1185 4330 1255 4384 oont
1275 4329 1369 4384 Πανία
