3092 4967
309 457 373 522 442
697 453 862 508 Iohannis
880 451 1040 506 Cassiani

307 648 446 712 locorum
489 644 658 711 interualla
694 645 842 729 disiungi.
890 643 973 726 apud
1010 642 1102 709 deum
1138 661 1273 726 namque
1311 659 1424 706 morum

308 748 506 827 cohabitatio,
530 767 592 814 non
613 748 763 827 locomm,
792 749 882 813 unita
911 746 1025 812 iratres
1048 745 1240 812 habitatione
1262 742 1424 828 coniungit,

305 871 363 918 aec
384 853 488 934 potest
508 868 658 932 umquam
679 850 765 932 pacis
787 849 953 934 integritas
978 849 1137 929 custodiri,
1153 849 1206 914 ubi
1229 847 1423 914 uoluntatum

305 954 473 1021 diuersitas
498 953 667 1018 inuenitur.

349 1073 427 1140 IIII.
450 1090 650 1141 sumnus:
668 1071 750 1151 Quid
767 1074 861 1156 ergo?
877 1071 904 1136 si
919 1089 980 1136 uno
996 1070 1119 1136 uolente
1134 1071 1283 1154 perficere
1300 1069 1422 1154 aliquid,
1441 1089 1451 1130 ι

306 1180 386 1261 quod
409 1178 582 1243 secundum
605 1178 696 1243 deum
727 1179 912 1242 conmodum
936 1177 968 1240 et
990 1175 1113 1241 salubre
1134 1177 1337 1258 perspexerit,
1353 1174 1423 1239 alius

304 1299 365 1346 non
395 1283 532 1365 praestet
561 1281 738 1357 adsensum,
769 1279 1038 1361 exsequendumne
1068 1279 1163 1344 etiam
1189 1283 1299 1344 contra
1322 1283 1422 1343 uotum

305 1383 414 1450 fratris
436 1385 485 1448 est
507 1403 546 1450 an
567 1402 624 1467 pro
646 1383 713 1448 eius
735 1381 868 1448 arbitrio
889 1383 1137 1466 neglegendum?

346 1503 386 1570 V.
408 1521 550 1569 rossan:
579 1503 700 1568 idcirco
731 1501 866 1567 diximus
891 1500 1019 1584 plenam
1043 1503 1136 1583 atque
1158 1499 1330 1582 perfectam
1353 1499 1421 1562 ani·

304 1605 396 1671 citiae
425 1606 562 1687 gratiam
590 1605 652 1669 nisi
681 1603 764 1668 inter
794 1602 948 1685 periectos
970 1605 1055 1669 nuos
1079 1603 1278 1684 eiusdemque
1301 1599 1448 1666 uirtutisa

301 1726 498 1790 perseuerare
528 1726 589 1773 non
618 1727 717 1791 posse,
748 1725 824 1790 quos
854 1708 962 1773 eadem
995 1705 1142 1771 uoluntas
1173 1723 1333 1788 unumque
1362 1723 1421 1786 pro

302 1811 440 1892 positum
471 1810 527 1875 aut
556 1828 729 1893 numquam
758 1811 814 1873 aut
837 1813 919 1873 certe
941 1825 1010 1873 raro
1034 1807 1158 1873 diuersa
1179 1807 1297 1873 sentire
1320 1807 1420 1871 autin

302 1912 352 1976 his
385 1929 462 1994 quae
490 1914 529 1979 ad
559 1912 735 1994 proiectum
757 1911 909 1994 spiritalis
931 1909 1090 1993 pertinent
1112 1910 1199 1975 uitae
1221 1909 1343 1992 patitur
1365 1907 1420 1973 dis·

301 2013 410 2080 sidere.
462 2017 571 2096 quodsi
610 2016 758 2080 animosis
796 2014 955 2096 coeperint
987 2011 1240 2079 contentionibus
1274 2017 1419 2088 aestuare,

300 2116 402 2198 liquet
431 2118 540 2199 utique
570 2135 622 2183 eos
650 2135 823 2200 numquam
852 2120 1021 2182 secundum
1051 2116 1193 2201 regulam
1222 2134 1316 2199 quam
1340 2133 1445 2198 praere

302 2217 435 2284 diximus
457 2219 554 2285 tuisse
576 2219 751 2286 concordes.
790 2219 845 2284 sed
866 2219 942 2302 quia
963 2237 1052 2285 nemo
1072 2221 1176 2303 potest
1197 2237 1216 2284 a
1238 2218 1418 2304 perfectione

300 2321 413 2387 habere
427 2323 628 2406 principium,
647 2323 709 2388 nisi
724 2325 777 2406 qui
792 2323 830 2389 ab
845 2323 911 2406 ipso
927 2323 993 2388 eius
1010 2325 1145 2407 coeperit
1160 2322 1373 2400 fundamento,
1392 2327 1418 2384 et
1514 2407 1515 2410 Ἴ

297 2422 356 2490 'uos
370 2444 431 2490 nou
447 2430 564 2508 quauta
586 2427 652 2491 eius
673 2427 717 2491 sit
737 2427 931 2511 magnitudo,
956 2427 1009 2492 sed
1026 2425 1288 2510 quemadmodum
1302 2427 1342 2490 ad
1357 2441 1416 2488 eam
1514 2429 1515 2451 ¹

300 2529 454 2611 perueniri
476 2529 575 2613 possit
597 2531 766 2614 inquiritis,
790 2530 1000 2596 necessarium
1022 2548 1090 2595 reor
1106 2534 1142 2596 ut
1158 2529 1266 2610 paucis
1282 2527 1416 2610 regulam

300 2633 365 2697 eius
399 2633 486 2699 uobis
518 2651 554 2698 ac
588 2633 749 2698 tramitem
783 2633 938 2715 quendam
967 2652 1023 2717 per
1055 2651 1149 2716 quem
1178 2649 1302 2716 gressus
1327 2627 1443 2694 nesbio

299 2733 477 2817 dirigantur
510 2737 655 2818 aperiam,
688 2739 725 2801 ut
756 2736 925 2818 patientiae
959 2755 996 2802 ac
1030 2737 1114 2819 pacis
1148 2736 1265 2801 bonum
1301 2733 1415 2800 iacilim
1513 2735 1514 2801 l

300 2837 439 2904 obtinere
459 2839 596 2920 possitis.

342 2958 399 3022 VI.
420 2959 529 3024 Prima
557 2960 655 3043 igitur
683 2960 757 3026 suut
786 2978 878 3026 uerae
907 2960 1067 3026 amicitiae
1092 2961 1126 3024 in
1149 2960 1331 3040 contemptu
1351 2959 1414 3022 aab

299 3064 434 3128 stantiae
455 3062 625 3129 mundialis
642 3065 674 3127 et
688 3066 828 3130 omnium
847 3083 925 3148 quas
942 3063 1091 3130 habemus
1106 3083 1212 3130 rerum
1227 3061 1414 3145 despectione
1512 3127 1513 3130 ,

299 3165 493 3233 fundamina.
530 3187 679 3252 perquam
704 3170 788 3234 enim
814 3168 966 3234 iniustum
987 3169 1081 3250 atque
1103 3167 1223 3251 inpium
1240 3169 1297 3246 est,
1312 3165 1339 3230 si
1352 3165 1440 3248 posta

296 3269 551 3336 abrenuntiatam
580 3271 690 3336 mundi
720 3274 752 3335 et
775 3272 914 3336 omnium
936 3288 1015 3354 quae
1038 3273 1071 3334 in
1094 3289 1129 3336 eo
1151 3270 1225 3335 sunt
1251 3269 1413 3336 uanitatem

297 3371 543 3454 pretiosissimae
565 3372 674 3438 fratris
697 3372 855 3439 dilectioni
880 3374 1020 3456 supellex
1044 3371 1200 3437 uilissima
1221 3390 1300 3455 quae
1314 3389 1411 3454 super·

297 3473 360 3538 fuit
381 3475 585 3556 praeferatur.
622 3477 796 3542 secuudum
811 3478 860 3542 est
874 3481 910 3542 ut
928 3477 974 3542 ita
989 3495 1059 3542 suas
1075 3475 1290 3558 unusquisque
1304 3472 1412 3540 resecet
1511 3477 1512 3494 l

297 3578 487 3658 uoluntates,
517 3599 555 3644 ne
585 3579 758 3660 sapientem
789 3583 882 3661 atque
915 3579 1091 3645 consultum
1121 3597 1189 3644 esse
1220 3599 1254 3644 se
1283 3575 1411 3643 iudicans

349 3864 363 3917 1
384 3866 511 3934 coniungi
529 3866 568 3917 Σ1
662 3869 729 3936 aput
746 3866 774 3917 Σ
780 3867 804 3919 0
901 3865 964 3920 diim
982 3867 1007 3919 0
1104 3864 1304 3935 aquositate
1325 3863 1350 3916 0

294 3949 422 4021 'iexaqn
441 3951 467 4003 0
565 3953 599 4006 12
616 3967 676 4006 raro
694 3951 763 4006 iacit
780 3952 834 4004 ΤΟ
929 3951 1084 4006 aduersa'l'
1180 3950 1214 4005 16
1231 3952 1257 4021 a]
1276 3949 1307 4005 ad
1323 3948 1350 4000 Σ

295 4036 331 4090 18
351 4035 410 4090 silit
432 4037 489 4090 eina
513 4037 538 4089 Ο
641 4037 674 4091 19
695 4037 835 4106 peruenire
853 4037 923 4090 ΠΟι
1027 4035 1062 4091 20
1078 4036 1156 4091 nobis
1173 4035 1229 4090 eina
1246 4034 1349 4088 tiron

295 4119 544 4192 cooperuerant*
643 4121 678 4176 23
695 4125 822 4176 contentu
841 4121 869 4173 Σ
970 4121 1005 4175 24
1023 4121 1185 4192 dispectione
1203 4121 1244 4175 Πι
1272 4117 1409 4191 &pactione
1509 4131 1510 4150 ι

294 4207 331 4258 qn
422 4207 456 4262 at
468 4207 538 4261 enim
551 4221 601 4262 om.
613 4209 640 4259 ‘l'
728 4208 762 4262 26
774 4207 927 4262 renuntiata
940 4207 979 4260 Πι
997 4210 1181 4263 renuntiatam
1192 4209 1234 4261 11‘
1251 4206 1408 4262 abrenuntie-

294 4293 398 4348 tionem
422 4295 450 4345 Ψ
558 4294 712 4348 uanitatnm
738 4295 774 4345 qn
884 4291 918 4346 27
944 4293 1061 4364 praalnit
1087 4293 1127 4345 Σι
1161 4291 1301 4363 snperilnit
1324 4289 1350 4340 P

294 4376 329 4431 29
345 4393 374 4432 ee
391 4394 442 4434 ooo.
459 4379 519 4433 ΣΟ
