3092 4967
326 463 389 534 626
718 461 881 516 lolraunis
902 461 1059 516 Cassiani

325 656 432 722 tantur
455 654 596 731 eunuchi,
620 645 680 718 non
703 655 757 736 qui
780 653 926 718 metuunt
947 653 979 716 at
1002 651 1115 734 quibus
1132 667 1193 715 non
1209 651 1290 718 libat
1303 652 1440 718 iomiaari

324 779 381 826 nea
409 761 461 842 qui
490 755 696 840 inpudicitiae
723 757 902 840 reprimunt
927 755 1024 834 irena,
1052 758 1105 821 sad
1128 756 1182 839 qui
1204 757 1306 838 ipsum
1325 774 1440 839 quoque

325 863 487 928 minimam
520 861 632 925 mentis
662 859 879 926 titillationem
909 864 940 924 at
965 861 1149 926 tenuissima
1170 859 1309 949 libidipis
1330 861 1437 926 inalta-

324 969 433 1031 manta
456 967 598 1030 uiaerunt
621 965 653 1031 at
674 983 709 1030 eo
731 983 831 1047 usque
852 965 1103 1030 adtenuauarunt
1123 965 1217 1030 illum
1232 965 1333 1029 earnis
1348 969 1385 1029 nt
1398 966 1440 1028 ita

324 1069 454 1135 dixerim
487 1086 621 1146 sensum,
655 1071 691 1130 nt
724 1085 786 1131 non
818 1067 920 1132 solum
942 1087 979 1132 ax
1010 1067 1218 1133 eommotiona
1253 1068 1320 1133 aius
1357 1067 1467 1132 nullas

324 1173 537 1256 oblectatione,
560 1173 612 1236 sad
635 1189 673 1235 ne
697 1173 807 1253 exigua
828 1172 953 1253 quidam
975 1169 1158 1237 titillatione
1181 1176 1359 1254 tangsntm.

366 1275 439 1341 VII.
463 1275 564 1340 Tanta
586 1273 692 1339 autem
715 1291 767 1339 aar
788 1277 930 1339 nostrum
952 1273 1142 1339 humilitatis
1159 1273 1308 1339 dabamus
1326 1275 1438 1340 uallata

323 1379 471 1454 eustodia‚
502 1383 538 1442 ut
566 1377 646 1443 hana
675 1377 890 1443 definitionem
917 1381 1067 1460 perpetua
1094 1396 1243 1443 sensuum
1271 1379 1439 1445 stabilitate

321 1485 489 1564 teneamus,
513 1499 708 1564 nequaquam
730 1499 786 1546 nos
808 1482 952 1564 possead
969 1483 1092 1546 tantum
1106 1482 1334 1564 purifiaationis
1349 1483 1437 1546 meri-

321 1589 390 1651 tum
412 1583 582 1670 peruenire,
606 1587 642 1648 nt
664 1584 739 1649 lieet
759 1583 838 1648 hasa
859 1602 938 1666 quae
961 1583 1144 1668 supradixi
1166 1601 1223 1666 per
1244 1586 1377 1668 gratiam
1391 1587 1465 1650 daio

321 1689 425 1754 omnia
458 1689 631 1764 sederimus,
665 1687 809 1770 indignos
842 1707 897 1752 nos
930 1691 1034 1752 tamen
1064 1691 1279 1754 eommuniona
1306 1693 1436 1772 eorporis

291 1791 400 1862 isaari
416 1809 482 1855 assa
498 1791 674 1855 eradamus:
691 1789 826 1872 primum
847 1789 922 1871 qaia
943 1791 1087 1855 asalestis
1105 1790 1191 1856 illius
1207 1810 1338 1858 mannae
1352 1796 1437 1859 tanta

321 1895 469 1958 maiestas
493 1895 548 1968 ast,
571 1894 608 1957 nt
636 1909 726 1957 nemo
756 1891 815 1957 hae
844 1891 929 1958 lutea
958 1911 1049 1958 earne
1078 1893 1287 1959 mraumdatns
1310 1913 1365 1979 pro
1386 1915 1436 1961 suo

319 1996 433 2062 merito
456 1995 522 2060 aius
543 1994 681 2060 edulium
703 1997 735 2059 at
757 2014 818 2061 non
840 2015 877 2061 ax
898 1994 1037 2079 gratuita
1064 1993 1183 2061 domini
1205 1997 1356 2081 largitate
1369 2018 1435 2082 par·

320 2101 425 2181 cipiet,
456 2096 566 2163 deinde
596 2099 668 2180 quia
697 2097 803 2164 nullus
826 2101 871 2164 ita
893 2101 1136 2182 circumspectus
1158 2101 1191 2164 in
1216 2101 1307 2166 lanias
1329 2101 1462 2166 mundio

319 2205 422 2286 potest
445 2219 508 2268 esse
530 2201 686 2286 condictu,
709 2203 745 2266 ut
767 2220 840 2266 eum
865 2201 973 2266 saltim
996 2221 1067 2274 rara
1080 2203 1132 2268 nal
1146 2203 1231 2270 leuia
1244 2211 1433 2287 peaaatomn

318 2306 383 2371 tela
412 2325 473 2373 non
503 2303 624 2387 feriant,
655 2304 729 2387 qnia
758 2305 940 2387 inpossibile
967 2309 1072 2371 estut
1094 2325 1155 2372 non
1177 2307 1432 2392 antignorantia,

318 2413 373 2476 aut
403 2408 609 2494 neglegentia
640 2407 694 2474 aut
722 2425 777 2490 par
807 2408 1028 2492 obreptionem,
1056 2411 1111 2473 ant
1131 2428 1187 2492 per
1207 2412 1431 2493 cogitationem,

317 2516 371 2578 aut
394 2531 448 2594 per
470 2513 698 2590 necessitatem,
722 2512 778 2576 ant
799 2529 855 2594 par
868 2511 1071 2590 obliuionem,
1087 2515 1142 2577 aut
1157 2529 1265 2578 somno
1280 2518 1429 2596 pausatur.

317 2633 390 2680 nam
420 2614 480 2680 etsi
509 2617 575 2680 tam
605 2613 799 2698 praeolarnm
828 2613 899 2696 quis
929 2615 1084 2680 uirtutum
1106 2613 1231 2680 eulmen
1252 2617 1460 2695 ascenderitis

317 2721 354 2782 nt
383 2717 585 2800 apostolieum
617 2717 699 2784 illnd
727 2737 787 2782 non
816 2717 968 2783 iactanter
997 2717 1162 2783 exclamet:
1184 2719 1283 2784 mihi
1306 2721 1430 2785 autem

316 2837 383 2904 pro
408 2819 565 2885 minimo
588 2824 650 2886 ast
671 2823 715 2885 ut
736 2841 755 2886 a
778 2821 889 2886 uobis
910 2820 1258 2887 diiudiasrautab
1274 2822 1430 2888 humano

316 2923 393 2990 dia:
426 2924 491 2988 sed
520 2939 642 3006 nequa
671 2926 815 2988 memet
843 2923 971 3005 ipsum
999 2923 1190 2991 diiudieoz
1212 2926 1316 2990 nihil
1336 2925 1430 2990 enin

316 3024 413 3090 mihi
435 3026 617 3092 aonsaius
640 3043 738 3104 sum,
761 3026 869 3090 tamen
896 3026 979 3091 salat
997 3044 1033 3114 sa
1054 3028 1121 3092 sine
1141 3031 1266 3111 peceato
1290 3045 1354 3093 asse
1374 3045 1428 3091 non

284 3135 412 3213 aposse.
450 3145 550 3210 neque
584 3129 666 3191 enim
696 3127 813 3192 frustra
841 3127 924 3192 idem
952 3127 1060 3194 doatm
1089 3129 1247 3195 adiunxit:
1278 3133 1342 3196 sad
1362 3145 1456 3193 nans

316 3230 354 3296 in
385 3231 456 3296 hoe
485 3227 741 3294 iustificatos
770 3249 867 3310 snm,
897 3231 930 3295 id
959 3235 1008 3295 ast
1033 3249 1095 3296 non
1116 3231 1143 3296 si
1165 3249 1223 3316 ago
1245 3234 1363 3298 iustum
1379 3247 1428 3296 ma

315 3351 379 3400 essa
409 3333 574 3412 credidero,
604 3349 712 3398 ueram
742 3333 907 3398 amlestim
937 3334 1078 3400 institiae
1107 3334 1241 3418 gloriam
1263 3335 1425 3419 possideto⁸
1521 3320 1522 3323 ¹

315 3439 367 3503 nal
400 3436 474 3520 quia
505 3454 556 3500 ma
586 3437 777 3502 conscientia
808 3455 878 3502 moa
908 3436 1025 3502 nullius
1054 3437 1174 3519 peoaati
1200 3437 1426 3520 reprehensione

415 3625 448 3678 ai
467 3601 558 3678 icor.
577 3625 601 3692 4,
621 3624 690 3681 a-a
792 3623 828 3678 aa
845 3623 865 3681 r.
883 3624 941 3679 aa

366 3793 439 3862 lat]
462 3792 507 3847 sad
529 3793 568 3862 βυ
670 3809 723 3848 non
746 3809 798 3848 oria
822 3791 907 3850 ΒΕΘ
1014 3793 1167 3849 ‘animiam
1191 3795 1220 3850 B
1321 3795 1423 3849 dexte
1519 3830 1520 3851 1

312 3879 555 3950 unaueruut02do
639 3877 810 3935 8diflnit.Z
893 3881 1034 3948 perpetuae
1046 3878 1084 3933 B·
1177 3881 1207 3936 ll
1222 3881 1364 3951 dignosZ'
1519 3866 1520 3929 ἶ

313 3965 346 4019 1a
363 3980 419 4020 essa
431 3967 498 4019 saari
516 3965 547 4018 F
631 3965 663 4020 16
681 3965 777 4020 sutem
795 3963 848 4021 FO
936 3965 970 4020 18
986 3966 1088 4036 neglig.
1105 3963 1161 4022 ΓΖ
1181 3973 1246 4036 post
1263 3965 1424 4037 neglegentia
1519 3960 1520 3981 ¹

311 4051 377 4106 udd-
396 4051 486 4120 O'flo:
513 4053 560 4105 aut
577 4053 700 4106 uanitate
784 4051 833 4105 aut
850 4049 1003 4120 obreptione
1020 4058 1069 4107 aut
1081 4053 1249 4124 cogitatione
1259 4057 1308 4109 ant
1320 4051 1422 4108 nenessi-
1518 4062 1519 4089 ³

311 4141 368 4192 tato
386 4141 434 4191 aut
451 4136 588 4191 obliuione
606 4141 726 4206 pausetur
743 4137 795 4206 βυτ
817 4137 853 4203 ef.
867 4138 923 4203 xi,
937 4137 1078 4204 ΜΠ,
1091 4141 1169 4204 lm
1254 4140 1422 4210 leporem

310 4223 474 4277 obliuionem
493 4237 543 4276 om·
561 4222 613 4278 FO
697 4223 732 4278 20
749 4225 806 4278 tam
824 4223 878 4278 13¹:
904 4224 1007 4278 adtam
1026 4225 1084 4280 rati.
1170 4225 1205 4280 22
1221 4225 1363 4284 indiserti
1518 4206 1519 4229 ¹

309 4307 422 4362 humano
445 4307 484 4362 13¹
587 4307 621 4366 23
643 4307 780 4364 ludiaoO
880 4309 915 4363 14
932 4309 1001 4380 sum]
1020 4325 1099 4364 suum
1116 4309 1147 4366 F
1246 4311 1315 4382 sins]
1330 4309 1421 4378 atique
1517 4364 1518 4373 ¹

308 4397 349 4468 fla
450 4395 483 4448 27
501 4397 645 4464 possedabo
663 4393 704 4448 K¹
