3092 4967
286 417 351 485 322
679 412 844 468 Iohannis
864 412 1022 469 Cassiani

294 607 463 691 quicquam
491 604 605 671 adiciet
633 602 805 670 honestatis
834 621 892 669 nec
917 602 1037 669 minuet
1059 601 1206 681 solitudo,
1229 600 1284 667 scd
1306 599 1418 684 ubique

295 730 401 779 seeum
428 727 608 793 semperque
639 706 860 773 circumferens
889 704 1044 771 arbitram
1073 724 1135 771 non
1156 703 1259 769 solum
1281 707 1418 781 actuum.

294 814 349 881 sed
371 814 467 879 ctiam
489 811 717 897 cogitatienum
739 828 870 876 suarum
897 809 1120 875 conscientiam
1149 809 1200 875 illi
1220 808 1419 893 potissimum

295 920 420 985 studere
442 914 617 993 contendet,
645 932 741 999 quam
762 933 820 981 nec
835 912 1056 980 cmcumueniri
1069 931 1127 979 nec
1142 911 1213 977 falli
1227 930 1285 978 nec
1296 913 1419 979 mtter-

295 1021 401 1105 iugere
423 1038 456 1085 se
478 1036 566 1103 posse
587 1018 756 1103 segnescit.
1437 1034 1448 1075 ι

338 1140 444 1207 Vllll.
468 1140 568 1221 Quem
590 1140 711 1205 statum
733 1138 761 1205 si
782 1139 853 1222 quis
870 1138 909 1204 de
924 1137 1080 1205 adiutorio
1095 1137 1158 1216 dei,
1179 1138 1303 1203 nonde
1324 1135 1420 1202 steedii

295 1246 344 1311 sni
372 1243 478 1309 labore
499 1261 701 1326 praesumens
722 1241 876 1309 meruerit
903 1242 1072 1324 possidere,
1095 1244 1133 1307 de
1154 1239 1334 1307 condicione
1355 1258 1419 1306 een·

293 1348 362 1433 uili,
383 1345 418 1416 in
439 1364 503 1431 qua
523 1347 618 1413 timor
639 1348 697 1422 ast,
720 1349 753 1412 et
774 1346 990 1413 mercennaria
1013 1346 1079 1429 spei
1099 1344 1283 1427 cupiditate,
1306 1344 1420 1425 inqua

293 1468 353 1517 non
382 1452 450 1517 tam
479 1449 604 1517 bonitas
625 1449 790 1533 largientis
811 1467 907 1534 quam
934 1448 1110 1532 praemium
1130 1447 1346 1515 retributionis
1368 1465 1419 1512 ex·

293 1553 419 1639 petitur,
441 1554 475 1617 in
496 1552 697 1636 adoptionem
718 1552 851 1635 incipiet
873 1554 1006 1619 transire
1028 1551 1175 1630 filiorum,
1197 1550 1252 1616 ubi
1273 1549 1339 1615 iam
1359 1566 1447 1615 nono

293 1658 396 1735 timor,
427 1672 489 1721 non
518 1656 682 1739 cupiditas,
714 1655 768 1721 sed
798 1656 856 1723 illa
885 1655 998 1721 caritas
1026 1674 1105 1738 quae
1134 1672 1308 1737 numquam
1336 1656 1420 1721 cedit

292 1762 408 1845 ingiter
429 1760 618 1842 perseuerat
657 1760 695 1825 de
717 1776 780 1842 quo
804 1758 918 1826 timore
940 1763 974 1825 et
996 1758 1130 1826 cantate
1150 1758 1302 1842 quosdam
1316 1756 1419 1824 incre·

292 1882 370 1947 pens
400 1861 545 1929 dominus
572 1862 647 1945 quid
668 1863 719 1927 eui
739 1879 888 1947 personae
917 1862 1100 1927 conueniret
1125 1863 1278 1927 ostendit:
1300 1860 1418 1927 iilius

292 1966 461 2033 honorat
490 1967 661 2050 patrem,
690 1968 729 2031 et
758 1984 900 2033 seruus
929 1966 1126 2034 dominum
1150 1983 1261 2030 suum
1283 1962 1415 2029 timet:

293 2073 332 2135 et
364 2069 399 2134 si
429 2070 544 2153 pater
574 2087 642 2154 ego
675 2088 772 2153 sum,
804 2069 872 2135 ubi
904 2073 966 2134 est
997 2068 1119 2135 honor
1150 2086 1277 2134 meus:
1310 2068 1350 2133 et
1383 2068 1446 2133 sin

264 2172 471 2243 2dominus
501 2190 569 2257 ego
597 2190 694 2257 eum,
723 2172 793 2237 ubi
821 2173 881 2238 est
908 2172 1029 2239 timor
1060 2174 1191 2237 meus?
1219 2188 1344 2237 neemee
1369 2171 1417 2235 est

293 2275 377 2341 enim
397 2274 510 2341 timere
525 2293 596 2341 eum
612 2275 667 2357 qui
681 2293 791 2341 seruus
805 2275 864 2353 est,
880 2274 955 2358 quic
969 2275 997 2340 si
1011 2277 1144 2341 sciens
1166 2273 1417 2341 uoluntatem

293 2376 444 2444 domini
465 2380 527 2445 sui
549 2377 693 2445 fecerit
714 2376 835 2461 digne
856 2377 1008 2462 plagis,
1030 2376 1247 2460 uapulabit
1268 2377 1416 2444 multis

291 2500 346 2565 per
375 2480 455 2547 hano
484 2482 591 2564 itaque
622 2480 785 2546 cantatem
813 2482 945 2564 quisque
973 2482 1012 2548 ad
1038 2482 1206 2565 imaginem
1228 2481 1280 2547 dei
1301 2480 1416 2547 sinidi-

292 2584 493 2667 tudinemque
515 2584 701 2667 peruenerit,
723 2584 804 2651 bono
833 2584 899 2649 iam
923 2588 1047 2669 propter
1068 2584 1141 2651 boni
1161 2584 1260 2667 ipsius
1281 2586 1445 2653 delecta-n

292 2686 379 2751 bitur
400 2688 606 2770 uoluptatem,
623 2705 660 2753 ac
674 2686 810 2754 similem
832 2688 1059 2770 quodammodo
1073 2688 1234 2772 possidens
1248 2688 1416 2771 patientiae

292 2806 328 2855 ae
345 2790 486 2857 lenitatis
501 2789 646 2857 affectum
660 2789 757 2857 nullis
777 2792 921 2875 deinceps
935 2791 1133 2874 peccantium
1148 2790 1239 2857 uitiis
1254 2791 1414 2867 moecatus,

292 2892 346 2959 sed
368 2894 492 2959 ueniam
513 2895 618 2976 potius
638 2892 879 2961 infirmitatibus
907 2911 1015 2961 eorum
1039 2894 1206 2960 condolens
1227 2894 1323 2977 atque
1342 2912 1415 2958 eon·

292 2994 414 3078 patiens
444 2996 622 3079 inplorabit‚
652 3013 746 3080 seque
775 2997 976 3063 reminiscens
998 2997 1120 3063 tamdiu
1141 2996 1295 3063 similium
1316 2996 1414 3081 passi·

291 3117 386 3165 enum
400 3098 538 3165 stimulis
553 3100 769 3184 inpugnatum,
782 3099 879 3166 donec
890 3101 1089 3166 miseratione
1101 3100 1220 3166 domini
1230 3100 1443 3182 saluaretm,¹e

290 3220 346 3267 nee
374 3219 430 3267 sno
459 3201 620 3269 eruditum
651 3202 757 3268 studio
787 3203 827 3268 ab
857 3203 1082 3286 inpugnatione
1114 3203 1244 3279 munli,
1280 3204 1334 3269 sed
1363 3202 1413 3268 dei
1519 3221 1520 3232 ¹

289 3305 480 3387 protectione
523 3307 690 3384 saluatum,
729 3323 792 3370 non
827 3305 1033 3391 maoundiam,
1077 3308 1131 3373 sed
1166 3306 1412 3373 misericordiam
1519 3319 1520 3330 ¹

290 3408 469 3474 errantibus
490 3407 656 3493 intelleget
677 3407 916 3495 inpendendem,
938 3408 1031 3477 illum
1053 3409 1246 3476 uersiculum
1267 3410 1411 3477 addeum
1519 3395 1520 3402 ἵ

393 3626 669 3695 110e1oor.1e,e
748 3628 1044 3699 nonensem)
1125 3630 1240 3687 mnne
1259 3631 1344 3697 naec

340 3832 356 3885 1
373 3830 462 3886 minus
479 3832 519 3885 11ι
599 3832 735 3903 2ιιιιιριι
751 3833 777 3887 Ο
855 3834 1031 3892 lcontendit
1045 3838 1097 3893 Hc
1176 3854 1256 3908 quem
1273 3839 1346 3895 i‘Oc

287 3920 630 3989 neepoeeqnemcean
728 3922 960 3991 deognoseetli
1060 3924 1215 3981 cumn
1314 3926 1411 3980 leon·

287 4004 337 4059 dit
356 4005 416 4058 ΠΨ
506 4004 524 4059 8
541 4011 594 4073 qua
610 4004 641 4057 Π
734 4006 767 4063 13
785 4006 858 4061 lilius
875 4008 966 4077 inquit
981 4010 1008 4061 Φ
1100 4011 1134 4066 14
1150 4011 1203 4065 dis
1219 4012 1249 4063 Σ
1334 4010 1410 4066 timet

287 4105 338 4146 em.
355 4088 453 4143 lll'O:
478 4090 515 4158 cf.
532 4106 592 4161 cup.
611 4094 655 4158 13,
672 4094 691 4147 4
797 4093 829 4149 lo
851 4095 881 4149 et
897 4100 963 4163 poet
978 4110 1054 4151 meus
1072 4111 1123 4151 οιιι.
1140 4098 1169 4149 Σ
1272 4098 1305 4153 11
1323 4099 1409 4152 aione.

285 4178 317 4231 11
402 4178 434 4231 18
452 4177 560 4232 euinon
573 4178 633 4231 ΠΤ
656 4178 699 4233 sni
710 4181 739 4233 et
750 4178 776 4231 Ο
861 4180 968 4252 multis]
980 4181 1110 4252 pauoisO
1194 4182 1407 4256 tllbon01tom

285 4264 317 4317 11
416 4263 451 4317 21
475 4262 614 4331 uoluptate
636 4264 667 4316 Π
694 4264 865 4321 uoluntatem
884 4266 911 4318 P
1009 4266 1099 4321 simile
1115 4268 1145 4321 Σ
1248 4268 1405 4339 quodmodo

282 4346 307 4400 0
408 4347 442 4403 28
460 4348 596 4403 dominum
613 4351 640 4402 Y
