3092 4967
320 429 384 494 632
706 428 871 482 Iohannis
894 428 1052 484 Cassiani

321 617 430 683 cadit
461 619 594 684 iustus
623 621 661 683 et
690 618 879 704 resurgit.
916 612 991 700 quid
1024 620 1105 683 cuim
1136 618 1222 683 aliud
1254 622 1301 682 est
1328 618 1424 683 eadere

321 736 413 800 quam
436 723 584 800 peccare?
599 723 630 784 et
646 721 748 784 tumen
765 739 836 784 oum
853 718 975 785 dicatur
989 721 1102 800 septies
1118 719 1237 797 cadere,
1256 720 1425 803 pronuntia·

320 823 371 886 tur
404 823 605 887 nihilominus
638 823 739 887 iustus
769 841 826 887 nec
856 821 995 887 institiae
1026 822 1092 888 eius
1117 824 1313 906 praeiudicat
1333 825 1424 906 lapsus

319 923 502 1008 fragilitatis
534 925 698 1003 humanae,
733 927 806 1008 quia
839 925 976 989 multum
1010 926 1140 991 interest
1168 927 1252 992 inter
1281 929 1375 992 saucii
1398 931 1425 991 ot

290 1029 487 1113 2peocatoris
509 1029 643 1094 hominis
667 1029 797 1114 lapsum.
835 1029 922 1094 aliud
945 1029 1027 1093 enim
1050 1033 1097 1094 est
1119 1029 1287 1096 admittere
1307 1030 1452 1095 mortales

319 1135 481 1214 peceatum
514 1135 545 1196 et
574 1131 659 1196 aliud
689 1137 736 1196 est
766 1131 965 1214 cogitatione,
996 1149 1074 1214 quae
1103 1133 1230 1214 peccato
1262 1150 1322 1198 non
1343 1135 1425 1214 caret,

318 1235 501 1318 praenuntii,
524 1236 575 1299 uel
597 1235 792 1316 ignorantiae
815 1239 870 1300 aut
898 1235 1062 1299 obliuiouis
1085 1253 1187 1326 eruore
1210 1238 1266 1300 aut
1287 1235 1426 1301 facilitate

318 1339 410 1403 otiosi
444 1337 593 1403 sermonis
624 1337 788 1415 offendere,
820 1342 875 1402 aut
906 1339 944 1402 ad
967 1340 1119 1421 punctum
1140 1339 1338 1404 infidelitatis
1358 1339 1427 1404 uitio

317 1443 440 1507 interna
462 1441 583 1507 theoria
597 1440 714 1523 aliquid
729 1441 894 1516 haesitare,
910 1444 966 1505 aut
980 1440 1092 1505 subtili
1106 1442 1241 1525 quadam
1257 1443 1427 1507 cenodoxiae

318 1545 501 1610 titillatione
534 1545 660 1627 pulsari,
694 1549 749 1610 aut
782 1543 967 1609 necessitate
1000 1547 1130 1610 naturae
1164 1543 1386 1628 aliquantisper
1411 1561 1453 1608 ao

317 1669 438 1714 summa
460 1647 647 1730 perfectione
670 1647 833 1712 reccidere.
867 1647 944 1713 haec
967 1646 1051 1712 enim
1067 1651 1140 1712 sunt
1155 1647 1277 1730 septem
1292 1649 1424 1731 lapsuum

316 1771 434 1835 genera,
458 1753 491 1816 iu
514 1750 626 1833 quibus
651 1749 725 1816 licet
747 1752 796 1816 uir
819 1755 945 1815 sauctus
967 1769 1200 1834 nonnumquam
1217 1752 1318 1829 cudat,
1332 1753 1425 1815 umen

315 1854 418 1918 iustus
451 1873 515 1919 esse
549 1873 609 1918 non
643 1854 773 1919 desinit:
808 1871 887 1936 quae
920 1856 1063 1936 quamuis
1096 1855 1180 1918 leuia
1209 1854 1372 1919 uideantur
1397 1873 1425 1916 ao

316 1977 420 2042 parua,
444 1959 548 2022 tamen
570 1958 688 2022 iaciunt
710 1977 781 2022 eum
805 1960 870 2023 sine
892 1961 1018 2043 peceato
1041 1975 1108 2023 esso
1129 1976 1190 2022 non
1209 1975 1306 2040 posse.
1342 1955 1424 2022 habet

317 2059 399 2125 enim
429 2079 483 2144 pro
513 2059 624 2142 quibus
655 2061 846 2127 cotidianam
869 2081 980 2144 gerens
1002 2061 1237 2145 paenitudinem
1261 2067 1292 2125 et
1313 2061 1454 2124 ueniens

316 2165 469 2228 ueraciter
505 2163 615 2228 debeat
652 2165 808 2246 postulare
842 2167 874 2230 ot
908 2183 963 2247 pro
996 2167 1061 2229 suis
1097 2164 1311 2228 indesinenter
1346 2179 1422 2228 orare

286 2267 452 2352 3peccatis
490 2267 610 2332 dicens:
645 2266 805 2332 dimitte
838 2267 951 2332 nobis
984 2266 1124 2331 debita
1154 2268 1299 2330 nostra.
1336 2271 1365 2329 et
1392 2267 1423 2327 ut
1515 2256 1516 2333 Ῑ

316 2369 562 2435 euidentissimis
585 2369 748 2452 probemus
777 2369 927 2452 exemplis
950 2373 982 2434 et
1004 2385 1119 2434 errasse
1134 2371 1299 2433 nonnullos
1314 2368 1422 2433 saucto-

316 2492 385 2538 rum
408 2479 440 2539 et
463 2478 567 2540 tamen
590 2493 684 2540 asna
706 2493 767 2541 non
793 2473 974 2539 discessisse
996 2473 1129 2549 iustitia,
1150 2479 1235 2538 certe
1251 2474 1305 2537 ille
1319 2473 1424 2537 baads-

314 2577 411 2642 simns
440 2580 471 2642 ot
504 2577 714 2661 apostolorum
749 2578 880 2643 eximius
910 2577 1022 2642 Petrus
1053 2577 1126 2658 quid
1157 2576 1243 2640 aliud
1266 2575 1451 2642 credenduss

316 2683 363 2744 est
396 2679 491 2744 luisse
526 2698 620 2762 quam
654 2685 792 2757 sanctus
826 2681 1011 2772 praesertim
1039 2681 1072 2744 id
1101 2681 1251 2762 temporis
1280 2681 1424 2762 quouis
1514 2704 1515 2761 t

315 2781 439 2847 domino
473 2781 648 2849 dicebatur:
682 2783 821 2848 beatus
854 2802 912 2864 ea,
947 2783 1078 2848 Simon
1111 2783 1183 2847 Bar
1209 2782 1319 2857 Iona,
1346 2781 1424 2864 quia

315 2903 405 2949 caro
428 2887 466 2951 et
488 2885 651 2971 sanguis
673 2905 748 2951 uon
770 2887 972 2952 rouelauit
995 2886 1087 2963 tibi,
1111 2887 1423 2968 sedpatermeus

316 2989 384 3073 qui
407 2993 468 3054 est
490 2991 527 3055 in
550 2989 685 3055 caelis.
724 2991 761 3054 et
784 2989 863 3055 tibi
893 2988 990 3056 dabo
1013 2991 1149 3054 claues
1170 2993 1288 3076 regui
1310 2990 1422 3055 caelo·

314 3110 413 3157 rum:
444 3096 480 3156 et
502 3093 768 3176 quodcumque
797 3093 993 3178 ligaueris
1022 3113 1142 3177 super
1170 3100 1332 3171 terram,
1355 3093 1448 3156 onita
1513 3088 1514 3101 ¹

313 3195 483 3282 ligatum
516 3197 555 3260 in
585 3197 726 3262 caelis:
757 3201 796 3262 et
825 3197 1093 3281 quodcumque
1122 3197 1298 3262 solueris
1319 3211 1421 3280 super

282 3302 475 3375 4terram‚
504 3299 581 3364 erit
609 3300 784 3364 solutum
805 3301 844 3364 et
865 3299 903 3364 in
931 3299 1066 3365 caelis.
1104 3300 1179 3383 quid
1200 3301 1257 3364 tao
1280 3299 1420 3365 dominica

312 3401 402 3468 laudo
435 3405 634 3486 praeclarius,
669 3403 744 3487 quid
778 3404 838 3469 hae
866 3405 1021 3488 potestate
1051 3423 1087 3469 ac
1116 3402 1310 3470 beatitudine
1330 3401 1419 3485 potest
1512 3474 1513 3477 Ἴ

415 3589 610 3658 umam
713 3555 1024 3654 mmmmmo

364 3760 377 3812 1
401 3759 561 3830 resurgetd
662 3761 765 3816 daliut
783 3759 835 3816 ΒΟ
936 3762 978 3813 est
995 3761 1067 3815 enim
1084 3761 1127 3814 Ze
1231 3755 1417 3816 8iufidelitatis

311 3845 380 3898 uitio
404 3846 509 3902 iuterna
532 3846 599 3902 BF:
629 3849 657 3901 iu
676 3846 769 3904 fldeO
798 3847 828 3902 in
845 3845 907 3901 fidei
929 3847 970 3916 βυ
1073 3849 1103 3902 11
1129 3846 1259 3902 reccidere
1281 3845 1321 3900 F:
1347 3857 1416 3898 mco

310 3930 371 3986 dere
394 3932 433 3985 13¹
463 3931 581 3988 recudere
598 3931 675 3988 B²Z²
704 3933 819 3988 recidere
845 3931 910 3988 ΚΖί
939 3924 1096 3987 descendere
1120 3932 1143 3987 0
1245 3931 1277 3986 12
1301 3930 1360 3984 licet
1381 3926 1416 3978 uir

309 4021 417 4074 sanctus
435 4017 502 4073 BF:
529 4019 771 4084 uirsanctuslicet
791 4021 814 4076 0
838 4024 947 4074 sanctus
961 4020 1059 4088 licetd
1146 4019 1178 4072 14
1195 4017 1294 4074 iaciunt
1309 4015 1362 4070 BF

311 4105 341 4157 15
360 4103 488 4172 cottidi
574 4105 607 4158 19
625 4120 678 4160 non
696 4103 850 4160 discessisse
866 4123 882 4158 u
898 4122 944 4158 sna
963 4105 990 4159 B
1029 4173 1035 4184 ⁴
1074 4105 1109 4160 20
1125 4105 1306 4173 apostulorum
1322 4101 1358 4156 B¹

309 4187 378 4242 alius
395 4187 426 4242 F
508 4187 542 4242 22
560 4204 652 4258 symon
672 4189 699 4243 B
783 4191 818 4245 23
835 4191 966 4246 reuelabit
983 4191 1047 4248 ΡΟ
1131 4191 1166 4245 24
1184 4191 1213 4244 iu
1228 4187 1355 4245 caelisest
1369 4181 1415 4239 FO

309 4274 347 4342 do
369 4281 394 4328 et
416 4275 493 4344 Volo.
597 4277 630 4330 26
657 4277 772 4343 ligatum
800 4281 828 4330 st
854 4278 882 4331 in
908 4277 926 4346 β
1028 4277 1062 4331 27
1088 4281 1116 4330 at
1138 4293 1189 4332 om.
1213 4275 1297 4346 2(οῇ
1314 4271 1414 4328 madeo

309 4359 448 4415 Matthaei
465 4361 551 4416 locum
570 4361 646 4416 Neai.
666 4361 725 4428 ΙΠ,
744 4367 789 4427 14)
