3092 4967
262 429 329 494 204
650 423 815 481 lobannis
837 422 1001 479 (bassiani

230 613 439 697 3indigentee
465 613 589 698 poenali
621 614 805 697 purgatione
838 612 1044 680 transmittat.
1088 613 1126 677 et
1159 628 1393 695 excoquam,

264 717 376 799 iuquit,
410 717 455 783 ad
485 736 622 800 purum
655 718 822 785 seoriam
849 719 972 795 tuam,
999 718 1037 781 ot
1063 715 1247 781 auferam
1282 734 1395 781 omne

262 823 449 902 stagnum
492 822 610 887 tuum.
659 826 697 884 et
734 823 820 903 post
857 819 952 886 baeo
996 819 1201 886 donaberis
1239 819 1394 885 oinitas

263 923 381 1003 insti,
405 924 496 989 urbe
518 923 675 1006 fidelis,
705 928 737 987 et
758 924 890 989 iterum:
913 924 1020 989 siout
1042 922 1234 1007 probatur
1256 940 1394 1007 argen-

262 1030 344 1092 tum
367 1029 405 1092 et
426 1046 564 1093 aurum
586 1029 626 1092 in
648 1028 821 1111 camino,
844 1028 903 1093 ita
924 1026 1049 1111 elegit
1064 1025 1395 1107 eordadominns,
1416 1048 1428 1087 a

261 1134 295 1196 et
331 1131 460 1196 iterum:
499 1147 635 1196 aurum
672 1131 710 1195 et
747 1132 950 1214 argentum
990 1130 1133 1213 probat
1168 1130 1294 1215 ignis,
1331 1131 1397 1196 nir

259 1238 395 1299 autem
438 1233 637 1316 probatur
672 1232 713 1298 in
749 1232 907 1298 fornaoe
944 1232 1258 1301 humiliationis.
1311 1234 1396 1301 illud

258 1355 399 1421 quoqne:
415 1355 525 1419 quem
546 1337 648 1402 enim
666 1336 808 1420 diligit
830 1336 1012 1403 dominus
1035 1336 1227 1423 corripit,
1244 1337 1395 1424 flagel-

261 1440 319 1505 lat
341 1442 472 1506 antem
495 1457 644 1505 omnem
666 1439 798 1505 filium
820 1458 930 1521 quem
951 1440 1109 1523 reeipit.
1193 1494 1195 1504 .

304 1576 420 1642 XXVI.
444 1577 532 1659 Quod
562 1579 595 1643 in
625 1578 683 1643 illo
716 1578 867 1662 propbeta
896 1580 990 1661 atque
1019 1578 1145 1644 humina
1167 1578 1217 1646 dei
1240 1579 1274 1644 in
1297 1581 1431 1647 tertione

258 1681 440 1764 Regnorum
471 1680 552 1745 libro
580 1682 746 1746 manifeste
776 1679 920 1747 uidemus
948 1680 1116 1763 inpletum,
1143 1683 1197 1765 qui
1218 1700 1274 1765 pro
1299 1684 1398 1766 eulpa

260 1786 352 1849 nnius
374 1784 628 1859 inoboedientiae,
652 1802 746 1867 quam
776 1789 882 1850 tamen
910 1802 972 1849 non
994 1784 1032 1849 de
1055 1783 1211 1851 industria
1233 1804 1291 1851 nee
1314 1787 1397 1853 uitio

259 1887 400 1970 propriae
435 1886 620 1968 uoluntatis,
658 1890 712 1953 sed
747 1887 879 1953 alterins
919 1887 1185 1954 circumuentione
1222 1889 1396 1972 eontraxit,

258 1990 426 2057 ooniestim
454 2010 473 2056 a
500 1990 587 2056 leone
620 1991 802 2069 conteritur,
836 1992 883 2055 ita
911 1990 949 2056 de
977 2009 1012 2055 eo
1040 1990 1194 2075 seriptum
1221 1993 1397 2059 narrante:

258 2095 322 2159 nir
354 2094 417 2159 dei
453 2099 528 2174 eet,
562 2097 629 2177 qui
661 2093 924 2160 inoboediens
957 2094 1035 2161 init
1067 2095 1125 2160 ori
1154 2095 1323 2175 domini,
1358 2101 1431 2163 ets

258 2198 434 2263 tradidit
476 2215 558 2268 eum
601 2197 786 2263 dominus
829 2198 954 2275 leoni,
990 2200 1028 2263 et
1064 2197 1268 2281 oonfregit
1306 2218 1397 2266 eum

256 2302 368 2365 iuxta
390 2303 551 2368 uerbum
573 2301 740 2380 domini,
764 2300 867 2384 quod
889 2302 1050 2368 loeutus
1073 2302 1144 2366 est.
1178 2302 1210 2366 in
1226 2319 1287 2383 quo
1307 2303 1396 2371 fanto

255 2407 290 2469 et
311 2405 498 2471 solutionem
513 2404 619 2469 delioti
636 2405 807 2486 praesentis
823 2408 917 2487 atque
933 2405 1045 2470 erroris
1060 2405 1181 2471 inoauti
1197 2406 1230 2471 et
1243 2406 1397 2473 iustitiae

257 2510 379 2585 merita,
412 2527 468 2590 pro
501 2508 614 2590 quibus
645 2507 831 2591 prophetam
865 2526 957 2573 enum
990 2508 1208 2591 temporaliter
1241 2509 1397 2576 dominus

258 2612 392 2676 tradidit
428 2611 579 2689 donatori,
615 2610 750 2693 paruitas
786 2610 856 2694 ipsa
893 2614 925 2675 et
962 2612 1156 2677 continentia
1193 2612 1432 2694 praedatorieao

257 2716 402 2795 ostendit,
426 2734 488 2797 qua
510 2714 588 2780 nibil
610 2715 735 2798 penitus
759 2714 854 2780 audet
877 2714 1079 2780 uoraeissimn
1093 2714 1193 2780 bestia
1210 2715 1248 2780 de
1266 2716 1395 2782 tradito

225 2817 320 2882 anibi
342 2820 492 2883 cadauere
515 2818 691 2903 degustare
729 2816 818 2907 ouius
841 2816 886 2883 rei
913 2816 1028 2883 nostris
1051 2836 1172 2901 quoqne
1195 2820 1397 2901 temporibus

255 2921 334 2985 satis
357 2922 484 2987 euidens
506 2920 639 3006 contigit
662 2922 695 2985 et
716 2924 824 3006 aperta
852 2921 994 3003 probatio
1019 2921 1053 2986 in
1075 2922 1190 2987 abbate
1210 2922 1313 2988 Paulo
1339 2924 1396 2991 uel

256 3026 373 3107 Moyse,
407 3025 460 3109 qui
493 3024 648 3090 habitauit
681 3024 784 3089 locum
819 3022 911 3089 buius
940 3024 1120 3091 solitudinis
1155 3026 1209 3108 qui
1237 3022 1394 3094 Calamus

256 3129 462 3211 nuncupatur.
499 3146 572 3193 nam
596 3127 680 3211 prior
696 3130 894 3193 conmoratus
917 3129 965 3193 est
980 3128 1014 3193 in
1029 3128 1155 3195 heremo
1171 3146 1248 3212 quae
1264 3129 1395 3197 adiacet
1405 3152 1433 3193 an

358 3366 462 3421 rnna.
483 3368 505 3432 1,
523 3365 627 3421 ae-ae
724 3363 1047 3434 samaraeum
1152 3366 1318 3433 ennae

251 3451 370 3505 anser.
389 3453 465 3517 rna
570 3453 603 3507 ro
620 3452 665 3507 111
684 3451 750 3522 neg.
770 3453 810 3517 re,
829 3452 863 3507 aa

308 3673 488 3743 liudigentis
504 3672 586 3729 DW¹
687 3688 852 3742 exquoquam
874 3672 976 3729 W’OP
1005 3690 1137 3745 quoquam
1161 3674 1207 3732 W¹
1311 3679 1330 3733 2
1351 3682 1395 3737 in-

251 3760 319 3828 qnid
341 3759 423 3815 VDP
524 3774 615 3814 omnes
635 3760 684 3816 W¹
786 3760 855 3814 tet
878 3766 944 3815 arete
966 3763 1027 3830 post
1049 3776 1101 3817 om.
1124 3762 1163 3819 W
1262 3766 1394 3838 betigit

252 3845 300 3901 On
398 3846 532 3913 9reoapit
555 3844 647 3900 V¹DP
744 3844 777 3899 10
793 3861 852 3900 noa
870 3844 1048 3916 obtinentem
1069 3846 1217 3906 VDWOP
1315 3856 1393 3921 prof.

251 3929 282 3986 D
385 3930 470 4000 adque
498 3930 550 3986 VP
651 3932 684 3985 14
706 3946 749 3985 aoe
770 3930 819 3985 W·
922 3931 1103 3989 scribturaO
1208 3935 1239 3991 16
1262 3938 1395 3997 tradedit

251 4018 294 4072 Ι)ι
398 4018 430 4072 li
457 4017 538 4087 quod]
566 4018 612 4086 qui
637 4016 677 4071 D'
782 4016 815 4070 18
843 4010 928 4085 adque
956 4017 1008 4073 VP
1112 4022 1143 4074 19
1166 4022 1234 4090 proi.
1257 4022 1316 4077 Do

248 4104 287 4157 ab
303 4103 423 4157 tradedit
440 4102 482 4157 Β*
584 4102 616 4157 21
636 4103 700 4171 qnia
720 4101 876 4158 W¹OPXo
974 4103 1051 4158 audit
1068 4105 1109 4159 D¹
1206 4110 1394 4166 noraeiesema

251 4188 294 4242 D¹
388 4187 423 4242 22
436 4193 502 4257 pont
519 4188 660 4257 degustare
678 4188 850 4257 impitoup.
863 4188 944 4243 aare
960 4186 1075 4255 VDOP,
1102 4196 1211 4260 nup-25
1223 4194 1256 4247 in
1281 4192 1321 4249 W

250 4274 286 4329 24
304 4290 375 4328 mose
396 4273 528 4331 VD¹WO
556 4290 663 4343 moysen
681 4274 748 4329 ΡΧ·
840 4272 869 4327 tn
886 4274 975 4329 looum
997 4274 1024 4331 V
1107 4276 1144 4333 ’25
1160 4284 1394 4338 commemoratus

248 4360 291 4416 D¹
393 4362 423 4415 in
440 4366 507 4417 ante
523 4361 629 4416 heremo
644 4359 744 4415 oaeV
