3092 4967
545 460 706 517 conlatio
728 460 790 527 XX,
809 462 835 518 1.
1190 462 1256 530 555

118 656 155 719 ut
182 654 397 735 susciperetur
425 652 571 717 obtinuit.
609 652 664 717 ubi
696 652 887 719 adulescenti
916 652 1038 717 cuidam
1060 651 1161 731 fratri,
1192 654 1247 735 qni

117 758 243 822 bortum
265 758 446 839 susceperat
466 754 676 835 excolendum,
698 755 729 821 iu
745 755 975 821 adminiculum
989 758 1158 838 depntatne
1173 774 1247 821 oum

115 877 178 925 non
199 859 303 927 solum
325 860 440 939 omnin,
464 877 542 941 quae
565 859 648 925 idem
670 860 866 943 praepositus
888 860 1075 942 imperasset
1096 860 1147 925 nel
1166 877 1245 941 qnae

115 962 249 1029 iniuncti
278 962 380 1046 operis
408 981 484 1029 cura
517 966 675 1044 poscebat,
705 982 778 1029 cnm
799 964 1008 1029 admiratione
1030 965 1097 1028 tem
1118 964 1246 1029 sauctae

91 1065 305 1133 ebumilitatis
334 1066 488 1148 impleret,
515 1086 625 1131 uerum
649 1068 745 1133 etiem
768 1068 920 1149 quaedem
944 1068 1118 1133 necessarie
1140 1085 1244 1149 opera,

114 1186 193 1252 quae
223 1172 350 1252 propter
380 1169 537 1235 horrorem
567 1170 616 1235 eni
646 1188 665 1235 a
696 1172 806 1235 ceteris
837 1170 1031 1246 nitebantur,
1059 1170 1105 1235 ita
1126 1168 1245 1237 furtiuo

112 1290 168 1354 per
189 1276 311 1337 noctem
335 1271 441 1339 labore
463 1272 634 1356 penideret,
653 1277 690 1339 ut
705 1273 894 1338 adueniente
909 1272 1049 1338 diluenlo
1072 1274 1173 1339 omnis
1188 1274 1246 1340 ille

113 1378 314 1457 congregatio
338 1379 404 1441 tem
427 1377 553 1443 utilium
577 1396 704 1459 opernm
726 1378 883 1443 admirans
898 1376 1059 1460 ignoraret
1074 1378 1244 1456 auctorem,

112 1496 246 1561 cumque
280 1482 326 1545 ite
358 1480 528 1545 triennium
561 1479 656 1545 terme
693 1480 760 1547 illic
791 1480 929 1562 gaudeus
962 1480 1145 1547 desideratis
1177 1485 1244 1545 tam

78 1615 102 1655 ω
111 1580 283 1649 iniuriosae
313 1582 516 1649 subiectionis
547 1582 707 1649 laboribus
730 1583 894 1667 exegisset
924 1583 1037 1649 accidit
1059 1584 1095 1649 nt
1115 1584 1244 1667 qnidam

110 1685 212 1753 trater
241 1686 343 1753 eidem
373 1689 517 1771 cognitus
547 1706 583 1753 ex
614 1686 679 1752 illis
710 1689 791 1753 nude
812 1686 879 1769 ipse
901 1686 1085 1753 discesserat
1106 1687 1244 1769 Aegypti

109 1791 255 1871 partibus
286 1791 455 1858 adueniret.
499 1791 553 1873 qui
586 1808 657 1857 cnm
691 1791 729 1856 de
761 1790 1017 1855 indumentorum
1049 1790 1117 1855 eine
1150 1794 1274 1871 atqnet

110 1893 211 1959 officii
227 1893 350 1961 uilitate
366 1894 619 1977 promptissimae
633 1893 803 1976 agnitionis
817 1894 1005 1960 facilitatem
1019 1893 1075 1959 din
1084 1892 1243 1959 haesitans

108 1996 280 2081 cohiberet,
305 2002 375 2080 post
401 1998 645 2080 explorationem
674 1998 963 2064 manifestissimam
985 1999 1023 2063 ad
1053 1998 1120 2063 eius
1141 2014 1244 2081 genua

77 2100 297 2182 „prouolutue
319 2102 456 2185 primum
477 2103 636 2185 stuporem
659 2101 811 2169 tratribus
832 2102 964 2177 cunctis,
988 2101 1101 2167 dehine
1120 2101 1244 2185 prodito

109 2204 212 2270 etiam
240 2205 376 2286 nomine,
406 2208 487 2289 quod
516 2206 598 2289 apud
620 2206 693 2271 illos
716 2224 838 2289 quoqne
859 2208 1043 2290 praecipuae
1064 2203 1244 2270 sanctitatis

109 2306 197 2373 fama
228 2308 425 2390 uulgaueret,
456 2308 553 2375 etiem
579 2308 718 2375 dolorem
739 2310 976 2392 conpunctionis
996 2309 1139 2385 incussit,
1162 2308 1244 2391 qnod

108 2411 234 2477 scilicet
256 2412 338 2478 tanti
360 2413 467 2479 meriti
490 2415 523 2477 et
539 2412 706 2479 sacerdotii
723 2414 827 2479 uirum
842 2415 908 2479 tarn
924 2412 1085 2478 iniuriosis
1099 2410 1243 2493 operibns

108 2514 326 2598 deputassent.
363 2516 418 2581 sed
439 2520 603 2599 postquam
626 2516 702 2581 fieus
719 2517 855 2582 ubertim
872 2520 903 2581 et
918 2515 1090 2591 diabolicae
1103 2513 1273 2582 inuidieeb

75 2619 200 2702 uquasi
223 2636 352 2703 grauem
373 2620 558 2702 proditionis
580 2638 654 2685 suae
677 2622 824 2703 inputans
839 2638 948 2687 cesum
962 2619 1001 2685 ad
1017 2616 1242 2685 monesterium

103 2740 201 2789 sunm
223 2722 391 2791 honorifica
412 2722 547 2789 fratrum
569 2723 712 2789 custodia
734 2725 891 2789 ambiente
908 2722 1077 2805 perdoctus
1092 2727 1150 2803 eet,
1174 2719 1241 2785 exi·

104 2844 168 2911 gno
184 2826 254 2891 illic
267 2828 404 2911 tempore
420 2830 596 2893 demoratus
614 2846 720 2893 rursus
735 2827 871 2896 offensus
884 2828 934 2893 est
947 2827 1023 2910 ipsis
1044 2826 1170 2891 bonoria
1191 2822 1242 2889 sui

107 2930 320 3013 reprimatur
335 2930 491 3013 obsequiis
507 2948 542 2999 ac
558 2931 665 2997 furtim
680 2932 889 2997 conscendens
905 2949 1016 2997 nauem
1031 2930 1069 2997 ed
1084 2929 1240 2995 Palaesti-

107 3033 316 3119 nnm=Spriae
337 3034 533 3119 prouinciam
555 3037 772 3115 transmeabit,
800 3034 854 3100 nbi
877 3034 965 3101 uelat
978 3033 1130 3115 iucipiens
1146 3034 1242 3113 etone

74 3140 256 3209 snouioins
284 3138 317 3203 iu
346 3137 404 3203 illo
433 3139 466 3203 in
495 3156 556 3220 quo
585 3156 641 3205 nos
672 3138 863 3220 degebamus
891 3135 1075 3203 monasterii
1098 3136 1241 3216 receptus

105 3242 287 3313 habitaculo
303 3241 336 3307 in
352 3244 459 3309 ncetm
474 3242 588 3309 cellula
603 3241 643 3309 ab
658 3240 773 3307 abbate
789 3244 974 3323 paeoeptus
986 3240 1037 3305 est
1046 3254 1240 3305 conmanere

106 3350 169 3420 sed·
185 3364 246 3413 nec
267 3346 335 3413 illic
358 3347 484 3429 quidem
506 3346 560 3413 diu
583 3346 716 3413 uirtutes
742 3344 810 3409 eine
831 3362 869 3411 ac
891 3343 1005 3411 merita
1026 3342 1125 3408 latere
1145 3343 1240 3423 potn-

158 3632 281 3701 loptin.
298 3631 327 3686 B
418 3630 578 3686 adulisceuti
594 3630 693 3686 ΒΕΖ
716 3630 828 3688 adoleec.
846 3631 888 3685 K²
976 3630 1101 3685 tortum
1119 3628 1173 3685 ΒΟ

106 3716 253 3787 euripi*
349 3714 568 3773 amminiculari
597 3716 762 3772 adminiculo
778 3717 810 3772 F
901 3715 1028 3785 qnan
1120 3714 1241 3769 deidem

108 3805 131 3861 O
228 3803 390 3873 cqnmo
447 3802 711 3863 'culmensem
749 3840 753 3850 ·
807 3803 886 3857 o³ita
901 3801 1180 3871 durtiucperoMl:

105 3890 233 3947 lucetis
249 3890 284 3960 dl·
375 3888 558 3959 pemecuitO
655 3888 814 3945 aduenieute
831 3904 882 3943 oea
902 3887 968 3958 Οβυ
1070 3887 1095 3941 9.
1105 3900 1241 3955 quumque

109 3977 132 4034 θ
239 3976 353 4031 candem
378 3974 410 4032 R
510 3976 544 4032 10
569 3976 782 4033 subiectionibus
807 3976 887 4032 ΒΨ
990 3974 1171 4044 suigieeetd‘

106 4066 144 4118 11.
157 4066 218 4135 ipre
236 4062 305 4118 BF:
333 4062 381 4118 lll'e
400 4062 466 4134 Ode
568 4062 601 4117 lli
619 4062 701 4118 olflcii
721 4062 800 4133 Ode:
830 4061 876 4116 οε
894 4062 953 4116 ciue
971 4060 1029 4117 BF
1118 4060 1239 4128 prompt

105 4151 133 4205 Β
236 4148 424 4220 ldaputBO
519 4148 771 4220 ll'fulgnueratlr'
862 4150 897 4205 18
914 4147 1052 4217 atlante
1080 4144 1172 4201 neno

105 4238 322 4293 audemarus
343 4238 492 4307 aunumd
594 4238 679 4307 lpsins
703 4236 770 4294 13²0
871 4237 908 4291 23
923 4234 1067 4291 meme
1086 4233 1118 4289 θ’
1136 4232 1239 4285 inscen-

106 4322 358 4391 daus·KleorrZ)
457 4322 716 4392 paloednamccdd»
818 4321 1070 4392 lepronintiamfi
1166 4321 1240 4374 iuca-

106 4407 244 4480 pieusK¹
346 4408 379 4464 27
401 4424 449 4464 nec
467 4408 557 4464 Bir'c:
586 4408 703 4480 neoto
804 4408 1002 4470 uirtutirKZ¹
