3092 4967
291 441 335 505 94
683 432 849 489 Iohannis
867 432 1026 488 Cassiani

292 644 431 691 assem:
463 629 500 689 et
530 643 645 706 super
672 623 926 689 tribulantes
953 642 1036 689 enm
1065 621 1313 687 inmisissem
1341 639 1415 686 rna·

292 748 378 795 num
413 745 546 795 meam.
583 745 675 791 nemo
707 728 806 810 igitur
833 728 909 793 haec
936 742 1014 809 quae
1041 725 1241 807 protulimus,
1272 725 1310 789 nt
1337 723 1414 789 nihil

292 831 358 915 geri
380 832 446 895 sine
469 830 592 895 domino
614 830 827 913 probaremus,
851 848 948 914 praua
961 830 1217 911 interpretatione
1232 828 1416 910 detorquens

293 938 332 1001 cd
366 935 576 1000 defensionem
609 933 701 999 liberi
730 934 853 999 arbitrii
882 935 929 999 ita
959 934 1085 999 conetur
1114 933 1288 1008 adsumere,
1318 934 1355 995 ut
1377 932 1416 995 ab

292 1042 418 1106 homine
440 1039 574 1121 gratiam
591 1036 640 1102 dei
656 1038 924 1120 prouisionomque
941 1037 1129 1103 cotidianam
1145 1036 1281 1117 temptet
1296 1032 1416 1099 auferre
1435 1056 1447 1095 s

290 1164 345 1230 per
378 1146 435 1209 hoc
469 1143 550 1226 quod
583 1141 715 1206 dicitur:
750 1142 787 1204 et
820 1159 891 1206 non
922 1141 1080 1205 audiuit
1109 1140 1278 1221 populus
1312 1156 1417 1202 meus

290 1266 423 1313 uocem
455 1264 596 1320 meam,
627 1248 658 1309 et
688 1245 818 1308 iterum:
848 1244 882 1307 si
904 1244 1072 1327 populus
1102 1260 1207 1308 meus
1233 1240 1417 1307 audisset

289 1371 361 1427 mc,
384 1350 543 1415 Israhel
565 1349 599 1413 si
621 1348 660 1411 in
681 1348 763 1411 uiis
785 1348 880 1411 meis
903 1346 1150 1411 ambulasset
1173 1350 1204 1411 et
1227 1346 1339 1424 cetera,
1362 1345 1416 1409 sed

289 1454 444 1538 respiciat,
467 1452 548 1536 qnod
564 1451 648 1517 sicut
662 1451 755 1515 liberi
777 1450 898 1515 arbitrii
915 1451 1047 1515 facultas
1063 1450 1170 1531 populi
1185 1448 1417 1513 inoboedientia

290 1560 531 1635 demonstratur,
561 1556 609 1621 ita
637 1555 794 1619 cotidiana
823 1554 904 1619 circa
927 1573 998 1619 eum
1021 1554 1156 1637 prouisio
1178 1554 1228 1617 dei
1250 1550 1448 1617 clementiore

259 1660 518 1745 2qnodemmodo
540 1660 573 1724 et
594 1658 751 1723 monentis
773 1658 955 1723 ostenditur.
983 1676 1054 1723 cum
1076 1658 1159 1723 enim
1181 1656 1276 1721 dicit:
1299 1655 1334 1719 si
1355 1674 1416 1737 po·

288 1765 406 1848 pulus
429 1780 536 1827 meus
559 1762 740 1827 audisset
760 1780 837 1841 mc,
860 1763 994 1845 priorem
1025 1761 1131 1843 utique
1153 1779 1186 1825 se
1208 1759 1348 1825 locutum
1369 1757 1416 1823 eis

289 1868 450 1932 euidenter
471 1866 615 1931 ostendit.
652 1864 733 1948 quod
755 1866 823 1929 lieri
846 1883 865 1929 a
887 1864 1011 1929 domino
1032 1883 1095 1930 non
1116 1863 1219 1927 solum
1241 1880 1296 1944 per
1310 1861 1415 1946 legem

288 1971 435 2051 scriptam
457 1967 585 2045 litteris,
608 1986 717 2033 uerum
740 1966 838 2032 etiam
868 1966 1032 2033 cotidianis
1055 1966 1182 2031 monitis
1204 1967 1284 2031 solet
1306 1983 1414 2031 secuu-

288 2076 363 2139 dum
397 2071 478 2138 illud
513 2072 595 2155 quod
631 2090 687 2153 per
717 2071 843 2136 Esaiam
876 2070 1005 2136 dicitur:
1040 2072 1125 2135 tote
1156 2071 1218 2136 die
1251 2069 1447 2151 expandis

288 2194 422 2241 manus
458 2194 561 2241 meas
595 2175 639 2239 ad
672 2175 857 2257 populum
890 2192 965 2239 non
999 2175 1223 2239 credentem
1252 2172 1414 2239 mihist

288 2280 639 2346 contradicentem.
683 2279 852 2359 utrumque
889 2294 961 2360 ergo
998 2279 1102 2361 potest
1139 2277 1196 2342 hoc
1233 2273 1413 2341 testimonio

288 2383 473 2466 conproberi
498 2383 580 2466 quod
603 2383 733 2449 dicitur:
758 2381 791 2446 si
812 2380 981 2463 populus
1003 2396 1110 2444 meus
1131 2379 1319 2445 audisset
1340 2396 1412 2457 me,

287 2487 445 2553 Israhel
471 2486 505 2550 si
526 2488 567 2552 in
588 2486 667 2551 uiis
688 2485 785 2551 meis
815 2483 1074 2567 ambulasset,
1097 2480 1316 2565 pronihilo
1339 2479 1411 2547 uti-

287 2608 360 2672 que
381 2589 569 2655 inimicos
590 2589 674 2654 eius
695 2588 988 2654 humiliassem:
1016 2591 1053 2651 et
1074 2605 1191 2670 super
1213 2585 1446 2651 tribulae-ac

257 2697 345 2765 3tes
367 2712 452 2758 eum
474 2692 720 2757 inmisissem
740 2710 896 2757 manum
918 2706 1051 2757 meam.
1085 2706 1159 2755 nam
1182 2688 1412 2753 sicutllbernm

286 2795 451 2861 arbitrium
473 2814 527 2877 per
548 2795 810 2862 inoboedientiam
832 2795 939 2876 populi
961 2795 1200 2871 demonstratur,
1224 2792 1271 2856 ita
1285 2790 1412 2873 dispen-

286 2897 367 2964 satio
389 2898 438 2964 dei
461 2900 493 2963 et
515 2899 667 2965 auxilium
690 2898 758 2963 eius
780 2898 926 2963 uersiculi
948 2896 1048 2978 ipsius
1070 2896 1159 2962 initio
1182 2895 1360 2961 declaratur
1375 2911 1411 2958 ac

284 3003 356 3082 fine,
379 3023 452 3069 cum
473 3021 508 3066 se
530 3002 562 3067 et
584 3001 719 3085 priorem
741 3000 883 3065 locutum
904 2999 1001 3065 fuisse
1017 3002 1243 3065 commemorat
1258 3002 1291 3063 et
1305 2998 1413 3082 postea

285 3105 427 3172 inimicos
466 3106 532 3171 eius
569 3104 818 3184 humiliaturum,
852 3105 880 3170 si
912 3103 951 3167 ab
986 3102 1094 3169 eodem
1130 3100 1240 3167 luisset
1274 3099 1444 3166 auditune

285 3227 340 3274 nos
368 3210 452 3275 enim
479 3228 535 3293 per
562 3209 639 3275 haec
667 3226 745 3291 quae
772 3206 960 3289 protulimus
992 3225 1052 3271 non
1081 3206 1215 3272 liberum
1243 3202 1411 3269 arbitrium

285 3312 421 3378 hominis
443 3314 588 3377 uolumus
611 3312 803 3389 submouere,
835 3312 888 3375 sed
909 3308 984 3376 huie
1011 3310 1199 3376 adiutorium
1223 3308 1255 3372 et
1278 3306 1411 3390 gratiam

285 3416 336 3481 dei
358 3434 415 3496 per
437 3414 577 3498 singulos
601 3414 666 3479 dies
689 3430 727 3479 ac
748 3413 907 3478 momenta
929 3412 1137 3479 necessariam
1160 3410 1353 3494 conprobare

389 3646 421 3699 15
438 3644 509 3700 sur.
527 3644 570 3712 es,
588 3646 606 3699 a
625 3644 719 3713 (uxr)

336 3861 429 3914 laum
452 3860 498 3915 Wz
527 3874 571 3914 eos
590 3863 630 3925 (os
647 3860 680 3914 in
697 3875 752 3915 ros.
769 3862 847 3925 Μ)
864 3860 893 3915 D
911 3866 937 3915 et
957 3858 1053 3917 OPXo
1146 3858 1308 3914 inmisissem
1332 3854 1411 3911 WX:

282 3945 460 4000 inmississcm
483 3944 524 3998 D¹
553 3946 688 4000 misissem
706 3947 807 4015 (mise)
831 3944 947 4001 D²0Po
1048 3944 1189 4001 3deoO
1291 3940 1411 3996 dadsd·
1526 3980 1527 4015 p

283 4046 353 4086 mere
377 4031 406 4086 D
509 4031 526 4085 6
550 4048 596 4101 per
619 4047 669 4088 om.
693 4031 733 4086 12¹
836 4032 853 4086 8
879 4036 929 4085 rsrl
954 4031 1051 4087 DWP
1151 4031 1168 4084 9
1195 4027 1291 4085 arbitri
1321 4029 1344 4085 0

286 4117 318 4170 10
334 4118 429 4173 cottid.
448 4118 480 4171 X
582 4119 613 4172 11
633 4118 775 4172 momentis
793 4117 834 4171 D¹
937 4118 969 4172 12
989 4134 1064 4171 mens
1083 4133 1134 4173 om.
1152 4116 1184 4173 X
1286 4116 1410 4185 lcqntnm

282 4200 312 4258 D
341 4204 482 4272 loquutum
506 4202 529 4258 0
632 4204 665 4258 13
688 4203 768 4275 qnod]
788 4202 882 4275 quodsi
906 4202 935 4257 D
1039 4204 1070 4258 18
1094 4218 1145 4272 qno
1167 4200 1207 4259 W
1304 4202 1339 4257 19
1362 4202 1411 4256 rsrl

287 4289 326 4345 W
405 4290 437 4344 21
456 4304 500 4344 eos
518 4288 588 4344 ΒΨ
673 4290 806 4345 misissem
826 4289 877 4345 ΟΡ
965 4289 999 4343 24
1017 4290 1158 4359 loquutnm
1178 4288 1202 4345 0
1287 4288 1324 4343 17
1340 4302 1411 4344 sum·

282 4390 387 4429 monere
404 4374 434 4428 D
461 4376 621 4429 summoueri
644 4375 683 4429 W
781 4374 815 4428 28
836 4375 981 4429 necessaria
1001 4374 1052 4431 ΟΡ
