3092 4967
492 431 658 490 Conlatio
681 433 770 498 xvn,
794 435 902 490 18-19.
1196 437 1258 502 479

133 624 293 690 euidenter
319 624 455 692 ostendit
477 625 595 692 dicens:
618 625 755 708 perdes
777 643 924 702 omnes,
954 625 1018 708 qui
1041 626 1257 709 loquuntur

132 727 448 806 menducium‚et
464 727 595 793 iterum:
619 729 831 794 suasisset
855 727 1003 794 homini
1025 731 1136 810 panis
1159 748 1257 794 men-

133 832 256 896 dacii:
288 836 326 896 et
353 833 493 916 postea
522 831 744 915 replebitur
773 850 814 896 os
836 831 920 896 eius
943 832 1114 911 calculo,
1138 837 1169 898 et
1192 835 1258 916 ipse

131 934 291 1019 legislator
326 936 587 1015 mendacium,
622 935 734 1019 inquit,
767 935 908 1018 fugies.
946 936 998 1000 sed
1028 941 1103 1002 tunc
1130 936 1286 1000 demum3

111 1038 164 1104 sid
194 1037 404 1122 probabiliter
432 1038 564 1104 diximus
594 1039 787 1122 usurpatum,
811 1057 882 1104 cum
906 1038 934 1103 ci
956 1038 1126 1104 necessitas
1150 1039 1256 1122 eliqua

131 1163 188 1210 seu
210 1141 401 1225 dispensatio
423 1142 570 1208 salutaris
591 1143 742 1207 adiuncta
770 1143 829 1224 est,
855 1143 894 1206 ob
916 1159 1009 1224 quam
1033 1159 1092 1207 non
1116 1142 1257 1208 debuerit

130 1247 342 1314 condemnari.
380 1247 471 1328 quale
502 1246 551 1310 est
578 1245 657 1310 illud
687 1245 770 1327 quod
803 1247 1057 1310 conmemoraetis
1087 1247 1125 1312 de
1154 1246 1257 1314 Dauid

129 1370 214 1434 rege,
236 1368 309 1416 cum
330 1349 454 1432 fugiens
476 1349 713 1439 insectationem
735 1346 837 1414 Soulis
854 1349 1002 1414 iniustam
1018 1349 1058 1416 ad
1073 1349 1256 1416 Abimeleoh

129 1454 322 1522 sacerdotem
351 1470 414 1516 nou
443 1451 597 1535 proposito
621 1451 784 1517 cuiusdam
807 1453 884 1516 lucri
908 1469 965 1518 nec
987 1451 1091 1518 ebodio
1113 1454 1269 1518 laedendi¹

97 1580 120 1620 ro
129 1557 320 1641 quempiam,
343 1556 398 1620 ssd
420 1561 456 1620 ut
477 1556 694 1622 antummodo
709 1557 809 1622 semet
824 1557 927 1639 ipsum
943 1556 982 1623 ab
997 1555 1174 1641 inpiissime
1189 1556 1255 1622 eins

129 1662 334 1727 insectatione
367 1661 514 1734 saluarst,
547 1658 748 1726 mendacibus
782 1660 882 1726 utitur
916 1661 1030 1740 uerbis,
1059 1661 1171 1744 quippe
1201 1660 1255 1742 qui

130 1783 246 1830 manus
267 1783 338 1830 suas
360 1763 481 1828 inimici
502 1765 584 1845 regis
605 1763 754 1846 sangnine
770 1769 801 1828 et
817 1764 943 1846 quidem
958 1781 977 1829 e
991 1763 1048 1828 deo
1062 1762 1123 1830 sibi
1139 1762 1255 1830 totiens

129 1868 244 1934 traditi
278 1867 488 1934 contaminere
521 1865 659 1932 noluerit
691 1865 811 1932 dicens:
846 1867 1040 1950 propitius
1073 1865 1168 1932 mihi
1202 1868 1256 1932 sit

128 1974 242 2048 dene,
279 1991 325 2038 ne
362 1970 501 2036 faciam
538 1989 614 2035 rem
652 1970 747 2035 banc
784 1970 939 2036 domino
977 1987 1071 2048 meo,
1105 1969 1255 2036 cbristo

95 2074 298 2151 edomui,
335 2077 379 2140 ut
414 2074 567 2140 mittam
610 2093 762 2139 manum
798 2092 918 2139 meam
954 2074 992 2139 in
1029 2092 1129 2150 eum,
1164 2074 1255 2156 quia

129 2179 311 2245 christus
342 2178 489 2243 domini
518 2180 591 2244 est,
629 2181 660 2242 et
693 2175 805 2242 idcirco
835 2175 1074 2259 dispensationes
1099 2176 1153 2242 has
1176 2175 1286 2260 quast

127 2283 184 2348 uel
213 2283 252 2349 ob
283 2282 478 2347 uoluntatem
510 2281 560 2346 dei
590 2281 640 2345 uel
670 2281 708 2345 ob
737 2280 1029 2364 praefigurationem
1062 2281 1255 2364 spiritalium

127 2389 401 2452 sacramentorum
430 2383 479 2449 uel
508 2385 547 2449 ob
577 2384 771 2467 quorundam
800 2384 934 2449 salutem
964 2387 1086 2450 sanctos
1116 2383 1199 2450 uiros
1222 2385 1254 2448 in
1335 2377 1342 2390 '

127 2489 231 2559 ueteri
261 2490 448 2553 testamento
477 2487 610 2572 legimus
640 2491 807 2564 exsecutos,
838 2488 870 2554 in
899 2491 1024 2554 tantum
1046 2506 1102 2555 nos
1125 2505 1253 2572 quoque,

94 2613 204 2660 iocum
226 2593 397 2658 necessitas
418 2592 615 2669 cosrteuerit
635 2611 694 2657 non
712 2610 875 2677 possumus
889 2591 1044 2670 abdicare,
1068 2593 1103 2658 ut
1119 2611 1157 2656 ne
1173 2590 1254 2674 ipsos

128 2696 259 2780 quidem
289 2696 456 2780 apostolos,
486 2694 540 2762 ubi
570 2694 776 2762 consideratio
806 2696 936 2762 alicuius
966 2695 1115 2760 utilitatis
1143 2695 1255 2778 exegit,

127 2803 170 2866 ab
193 2798 240 2865 eis
263 2797 432 2865 declinasse
452 2818 623 2866 cernamus.
657 2818 735 2881 quse
750 2799 909 2881 paulisper
929 2799 1056 2866 interim
1078 2798 1254 2864 differentes

128 2904 262 2989 digestis
295 2902 443 2984 primitus
475 2922 554 2986 quae
585 2903 688 2968 adbuc
714 2903 754 2968 de
783 2903 881 2970 ueteri
910 2905 1097 2969 testamento
1120 2901 1254 2985 proferre

128 3007 327 3090 disponimus
356 3012 425 3090 post
454 3007 530 3072 haec
552 3007 772 3091 congruentius
793 3005 972 3086 inferemus,
996 3010 1031 3074 ut
1054 3005 1177 3070 facilius
1200 3007 1254 3070 ad-

93 3131 120 3171 se
127 3110 280 3193 probetur
302 3110 386 3178 uiros
407 3109 507 3176 iustos
530 3112 562 3176 et
583 3111 706 3176 sanctos
735 3112 802 3176 tam
825 3111 857 3175 in
880 3127 959 3176 nouo
982 3125 1077 3192 quam
1099 3108 1130 3172 in
1155 3109 1254 3174 ueteri

127 3214 322 3280 testamento
342 3214 377 3279 in
398 3212 447 3278 his
469 3215 652 3280 oeconomiis
674 3213 737 3278 sibi
751 3233 806 3296 per
822 3212 927 3280 omnis
942 3215 1150 3280 concordasse.
1180 3207 1285 3294 quid5

127 3321 214 3384 enim
244 3316 283 3382 de
311 3316 367 3382 illa
395 3315 493 3384 Ohusi
522 3316 561 3382 ed
591 3315 742 3382 Absalom
771 3335 828 3400 pro
849 3317 951 3384 salute
972 3316 1057 3400 regis
1079 3313 1180 3380 Dauid
1202 3313 1253 3396 pis

235 3519 371 3588 inest
445 3519 652 3586 beroensis
729 3520 888 3588 abrasa
966 3519 1185 3587 lslsegott

181 3709 343 3764 llocuntur
361 3709 454 3762 ΣΠΟ
542 3711 849 3779 stampensium.
867 3711 898 3764 H
986 3708 1116 3778 itaquid
1134 3707 1188 3760 ΤΟ

126 3795 341 3853 buonisbiliter
361 3795 473 3850 lll'Oo
572 3797 658 3849 6non
677 3810 727 3851 om,
745 3799 771 3849 Ῥ
870 3798 998 3866 erogem
1021 3795 1095 3847 ΣΠι
1198 3795 1255 3848 abi-

126 3882 230 3938 melech
250 3882 278 3933 Σ
303 3881 464 3938 achimelech
483 3881 522 3935 11²
548 3881 677 3937 abimelec
694 3883 719 3935 Ο
813 3883 830 3936 9
848 3884 1003 3952 cuiusquam
1022 3881 1144 3938 uros:
1170 3887 1201 3936 ut
1218 3879 1254 3947 cs.

127 3968 204 4023 Inst.
225 3965 301 4032 X‚6
388 3967 430 4020 'll
450 3965 655 4024 insectationem
670 3967 741 4020 11¹0
842 3967 874 4024 12
891 3967 1012 4037 equidem
1030 3967 1056 4020 0
1154 3967 1187 4021 16
1205 3966 1255 4022 bec

125 4063 167 4114 Π·
272 4061 307 4116 20
331 4077 440 4132 possim
467 4061 498 4114 Π
597 4062 630 4116 21
657 4063 742 4132 eripit
769 4061 836 4114 ET*
937 4063 973 4116 23
998 4062 1132 4132 proterere
1159 4062 1186 4112 Σ

125 4183 164 4238 26
190 4155 381 4240 ὅοοοηοωίιιῆε
406 4185 435 4235 Σ
464 4197 660 4244 occursionem
685 4186 710 4237 Τ
810 4183 844 4240 27
870 4154 945 4271 ebusi
967 4184 997 4236 Π
1013 4199 1092 4246 corr..
1119 4183 1184 4236 item
1210 4181 1254 4234 in·

124 4290 178 4355 fro
295 4287 415 4344 absalom
442 4290 494 4343 Σί
523 4288 642 4344 absolom
669 4289 709 4344 Σι
737 4288 849 4344 absalon
877 4287 935 4341 ΠΟ
963 4287 1073 4343 absolon
1101 4288 1126 4342 Τ
1150 4283 1254 4353 (eodem

126 4382 280 4438 demtos
297 4381 387 4449 infra)
