3092 4967
517 455 679 512 Conlatio
699 458 789 524 XVII,
808 455 918 513 19-20.
1222 459 1284 533 481

140 649 285 714 alienae:
307 649 335 714 si
359 667 430 714 uero
453 666 490 712 ea
513 665 592 730 quae
610 647 682 714 aliis
697 649 851 716 salutaria
865 653 938 716 sunt
953 655 1066 718 nostris
1081 656 1278 726 utilitatibus

140 754 370 836 praeponentes
409 751 575 833 apostolico
613 751 859 819 satisfecerimus
895 755 1039 839 imperio,
1078 760 1145 825 sine
1181 761 1279 830 dubio

139 854 306 922 subeunda
341 857 392 921 est
427 853 518 920 uobis
554 855 727 920 nenessitas
763 858 948 923 mentiendi.
995 864 1027 924 et
1063 863 1180 930 idcirco
1221 869 1307 934 nec8

139 960 269 1043 integre
301 957 439 1024 caribtis
470 955 591 1023 uiscera
620 958 777 1038 possidere
807 978 863 1026 nec
885 977 920 1026 ca
941 979 1022 1044 quac
1045 965 1177 1032 aliorum
1201 971 1279 1034 suut

116 1063 317 1128 seecundum
351 1061 552 1144 apostolicam
585 1060 789 1143 disciplinam
822 1081 969 1144 quaerere
998 1070 1179 1148 poterimus,
1215 1073 1277 1138 uisi

140 1165 191 1231 bis
206 1183 289 1247 quae
304 1164 497 1230 districtioni
511 1169 637 1230 uostrao
652 1165 894 1249 perfectionique
911 1170 1099 1235 conueniunt
1110 1173 1276 1254 paululum

138 1269 292 1334 roboratis
314 1267 558 1333 condescendere
580 1267 775 1333 utilitatibus
797 1269 931 1335 aliorum
953 1288 1048 1352 prono
1070 1277 1277 1343 maluerimus

140 1371 260 1436 affectu
294 1374 328 1434 et
360 1371 407 1436 ita
439 1390 511 1436 cum
544 1372 685 1454 apostolo
717 1371 851 1438 infirmis
880 1374 1053 1440 efficiamur
1082 1378 1207 1459 infirmi,
1238 1382 1277 1445 ut

140 1474 262 1540 lucrari
284 1475 440 1555 possimne
460 1474 612 1542 infirmos.

105 1619 131 1661 no
183 1596 258 1661 XX.
293 1594 412 1676 Quibus
444 1595 587 1661 eruditus
620 1596 769 1679 exemplis
808 1597 918 1662 beatus
955 1617 1075 1682 quoque
1115 1603 1276 1684 apostolus

140 1697 280 1764 Iacobus
304 1717 470 1781 omnesque
483 1699 572 1764 illius
588 1699 736 1763 ecclcsiae
751 1701 932 1780 primitiuae
947 1703 1106 1794 praecipui
1121 1707 1276 1789 principes

138 1802 320 1884 apostolum
350 1800 485 1865 Paulum
514 1803 553 1865 ad
584 1801 794 1866 simulationis
825 1802 977 1886 figmenta
1006 1805 1191 1874 descendere
1219 1825 1277 1892 pro

138 1904 355 1971 inbecillitate
380 1904 605 1968 infirmantium
621 1905 826 1969 cohortantur
842 1923 974 1988 eumque
990 1907 1147 1990 purificari
1165 1929 1276 1978 secun·

139 2014 220 2076 dum
243 2009 476 2074 obseruantiam
499 2008 588 2092 legis,
613 2010 707 2090 caput
728 2008 847 2086 radere,
871 2015 946 2077 uota
961 2010 1069 2077 offerre
1085 2015 1275 2100 conpellunt,

105 2129 290 2196 npraeeens
319 2111 400 2175 illud
432 2111 630 2192 dispendium
661 2111 743 2194 quod
766 2131 802 2176 ex
824 2113 883 2178 hac
908 2114 1066 2198 hypocrisi
1088 2117 1277 2200 gignebatur

139 2215 236 2281 uibili
267 2216 458 2297 reputantes,
490 2215 543 2279 sed
573 2215 820 2298 contemplantes
843 2217 949 2299 potius
973 2218 1060 2282 lucra
1083 2234 1162 2301 quae
1185 2221 1277 2288 eraut

138 2339 177 2385 ox
212 2318 301 2383 illius
335 2319 458 2383 diutina
485 2316 715 2398 praedicatione
743 2320 902 2402 parienda.
941 2339 1001 2385 uon
1031 2321 1116 2386 euim
1147 2325 1306 2392 teutum2

140 2422 286 2505 apostolo
309 2419 407 2485 Paulo
430 2421 551 2486 lucrum
572 2439 609 2486 eu
625 2422 682 2487 bac
696 2423 762 2487 eius
780 2423 882 2489 lueret
897 2425 1090 2491 districtione
1106 2426 1274 2504 conlatum,

140 2530 298 2609 quantum
329 2525 422 2589 oolcri
452 2526 518 2588 aius
549 2526 644 2589 exitio
673 2528 827 2591 uniuersis
856 2528 1005 2611 gentibus
1039 2529 1274 2594 detrimentum.

105 2629 227 2712 eoquod
249 2629 316 2692 siue
338 2628 434 2694 dubio
458 2630 622 2695 uninemeo
648 2634 724 2694 tnnc
746 2633 904 2696 euenisset
926 2633 1081 2711 ecclcsiae,
1098 2633 1160 2697 uisi
1183 2633 1275 2699 illum

141 2735 221 2800 baec
255 2733 344 2798 utilis
377 2751 413 2797 ac
446 2733 579 2798 salubris
614 2734 788 2818 hypocrisis
823 2734 1045 2817 praedicationi
1076 2738 1275 2819 euangelioae

140 2839 342 2902 reseruasset.
381 2838 456 2901 tuuc
482 2837 566 2901 cuim
588 2838 764 2902 necessario
788 2853 824 2902 ac
845 2836 1048 2902 ueniebiliter
1065 2837 1277 2921 adquiescitur

141 2938 300 3006 mendacii
329 2939 529 3018 detrimento,
559 2943 681 3023 quaudo
713 2939 813 3005 maius
844 2941 880 3004 ut
910 2939 1044 3004 diximus
1077 2940 1211 3004 inminet
1237 2942 1275 3005 de

141 3042 288 3107 ueritatis
310 3041 500 3107 confessione
528 3041 726 3125 dispendium
749 3049 781 3107 ot
804 3042 927 3108 utilitas
943 3061 1021 3125 quae
1037 3040 1125 3107 uobis
1141 3044 1178 3106 de
1194 3045 1275 3108 ueri-

104 3147 211 3210 sclate
245 3144 404 3209 confertur
436 3163 622 3227 conpensare
655 3145 713 3209 illc
746 3163 825 3227 quae
857 3144 1032 3229 generanda
1061 3148 1136 3209 suut
1162 3146 1276 3209 damna

141 3267 205 3313 non
228 3248 396 3330 praeualet.
434 3250 514 3330 quod
538 3250 822 3332 temperamentum
853 3248 948 3312 etiam
971 3248 1041 3313 aliie
1064 3248 1168 3313 uerbis
1190 3247 1307 3319 idcm3

141 3355 254 3419 beatus
286 3352 447 3433 apostolus
482 3351 598 3434 ubique
631 3367 664 3416 se
696 3369 817 3435 semper
853 3352 990 3416 tenuisse
1020 3353 1163 3418 testatur.
1203 3370 1276 3416 uam

142 3475 214 3521 cum
259 3453 353 3521 dicit:
391 3455 522 3520 factus
559 3472 639 3519 snm
675 3452 831 3519 Iudaeis
868 3457 977 3520 siout
1013 3454 1198 3532 Iudaeus,
1233 3459 1277 3519 ut

140 3558 314 3623 Iudaeos
359 3558 464 3624 lucri
500 3557 688 3622 facerem:
726 3559 787 3624 bis
825 3559 893 3641 qui
930 3559 999 3623 sub
1037 3557 1126 3640 loge
1164 3561 1276 3624 eraut

106 3663 259 3746 aequasi
294 3662 362 3726 sub
399 3662 485 3745 lege
522 3679 662 3742 oseem,
701 3681 785 3726 cum
820 3663 904 3746 ipse
938 3680 1011 3726 non
1046 3678 1170 3725 essem
1204 3661 1274 3725 sub

248 3865 282 3920 28
300 3865 314 3919 I
333 3864 396 3920 (lor.
413 3867 439 3929 9,
457 3864 560 3920 all-22

195 4054 412 4122 2proponeutcs
431 4055 458 4105 Σ
562 4053 578 4106 6
601 4052 772 4106 destrictioni
791 4051 818 4103 Σ
848 4051 1019 4107 districtione
1036 4052 1076 4104 Π·
1180 4054 1274 4122 paulo·

144 4141 200 4195 lum
220 4141 246 4192 Ῥ
337 4141 432 4194 Suum
450 4139 571 4208 apostolo
588 4155 649 4192 cum
667 4139 693 4189 Y
784 4137 922 4192 dlucrare
940 4140 968 4190 Σ
1056 4139 1089 4194 10
1105 4155 1162 4193 noe
1180 4140 1279 4194 doctic-

144 4226 204 4294 puil
221 4227 247 4277 Y
331 4226 365 4279 12
384 4226 535 4279 discendere
553 4225 588 4277 qu
677 4225 710 4278 13
727 4224 921 4279 inbeooillitatc
940 4225 967 4278 Σ
1052 4241 1166 4294 cumque
1180 4227 1206 4277 ll

147 4311 179 4364 16
196 4310 266 4365 nibil
285 4313 310 4364 Y
333 4311 398 4364 nicil
417 4311 442 4363 0
460 4311 571 4364 oteoict
657 4310 744 4379 eraut]
758 4311 861 4363 eunti*
950 4310 983 4365 18
995 4309 1167 4365 destrictione
1180 4312 1208 4362 Σ

145 4398 360 4453 weuinissetll
449 4398 653 4466 augmentat
747 4397 1144 4468 tillipsesublegeuoncsrcm
1157 4399 1207 4453 llo

195 4501 274 4558 XIII.
310 4518 371 4562 carr.
393 4523 413 4561 a.
1139 4503 1171 4557 31
