3092 4967
305 447 368 516 198
694 444 862 501 Iohannis
888 443 1047 501 Cassiani

345 635 432 702 XXI.
461 638 551 703 Hane
576 640 680 703 autem
703 635 775 701 illos
798 634 1060 702 oonluotationem
1083 655 1142 702 nou
1165 634 1232 701 sine
1254 652 1309 702 suo
1333 635 1425 701 oredi-

303 758 375 805 mus
404 741 508 807 labore
535 739 693 809 eonfioere.
730 741 845 807 habent
868 758 1002 823 namque
1026 741 1120 806 etiam
1142 739 1203 825 ipsi
1226 743 1258 806 in
1280 757 1337 805 suo
1360 757 1424 805 oon·

302 842 392 910 fliotn
422 843 575 927 quandam
605 843 795 910 anxietatem
826 844 919 925 atque
949 843 1113 909 tristitiam
1143 850 1175 911 et
1197 843 1333 910 manime
1361 860 1424 907 oum

305 946 422 1012 tuerint
450 946 656 1014 ualidioribus
688 946 831 1029 aemulis,
861 946 894 1011 iu
917 948 966 1011 est
988 947 1065 1013 uiris
1087 946 1204 1013 sanetis
1227 946 1426 1029 perfectisque

193 1130 196 1135 Ι
304 1052 472 1134 tungressi-
509 1051 646 1134 alioquin
679 1050 744 1117 iam
773 1067 836 1115 non
866 1050 1028 1117 uonfiiotus
1058 1070 1114 1117 neo
1144 1050 1345 1130 eonluetatio‚
1378 1050 1455 1115 seis

304 1151 436 1234 simplex
466 1155 591 1220 tantum
614 1156 646 1218 et
667 1154 704 1219 ut
725 1154 772 1219 ita
794 1152 923 1219 dixerim
947 1172 1056 1220 seeura
1078 1154 1143 1219 illis
1166 1158 1249 1220 esset
1272 1154 1426 1219 homiuum
1525 1146 1526 1233 J

305 1254 467 1322 adtributa
500 1256 650 1338 deeeptiu.
688 1256 721 1321 et
754 1255 908 1338 quomode
943 1257 1041 1322 staret
1073 1256 1154 1322 illud
1186 1258 1319 1339 apostoli
1352 1254 1426 1338 quod

306 1358 398 1424 dioit:
433 1376 507 1423 non
537 1363 599 1425 est
628 1358 741 1424 nobis
772 1359 1027 1425 ooniuutatio
1057 1361 1246 1427 aduersus
1277 1378 1426 1425 earnem
1525 1368 1526 1376 ’

305 1466 343 1528 et
364 1464 611 1547 sanguinem,
641 1461 706 1529 sed
728 1462 922 1529 aduersus
945 1463 1213 1546 principebus,
1242 1465 1427 1529 aduersus

304 1566 547 1649 potestates,
580 1564 775 1631 aduersus
808 1566 938 1633 mundi
972 1570 1147 1632 reutores
1180 1568 1458 1633 tenebrarumo

306 1669 461 1751 harum,
484 1670 622 1734 eontra
643 1668 857 1750 spiritalia
878 1668 1085 1752 nequitiae
1107 1670 1144 1735 in
1167 1668 1428 1737 caelestibus?

304 1769 386 1836 illud
410 1787 547 1853 quoqne:
576 1771 632 1837 sio
658 1790 791 1855 pugno
813 1790 887 1837 non
911 1771 1023 1854 quusi
1046 1776 1172 1838 aerem
1195 1771 1427 1852 uerberans,
1526 1812 1527 1815 =

274 1872 485 1944 Vetiterum:
509 1874 645 1940 bonum
669 1891 829 1955 agonem
852 1875 1019 1941 certaui.
1050 1875 1104 1941 nbi
1121 1876 1204 1941 enim
1220 1892 1302 1959 egon
1319 1873 1430 1940 dieitur

306 1979 338 2042 et
360 1981 514 2041 certamen
538 1979 570 2041 et
591 1994 707 2061 pugna,
730 1994 857 2043 neeesse
879 1978 926 2042 est
948 1981 984 2043 ut
1006 1978 1165 2061 utrimque
1188 1978 1281 2043 sudor
1296 1979 1330 2042 et
1347 1977 1431 2043 labor
1526 2044 1527 2055 ἒ

305 2097 342 2145 au
363 2078 541 2145 sollieitudo
564 2078 713 2145 subeatur
735 2084 767 2145 et
790 2080 961 2164 aequaliter
982 2081 1055 2146 illos
1079 2082 1130 2147 uel
1152 2099 1245 2164 super
1263 2081 1429 2147 deiectione
1439 2098 1458 2140 u
1526 2120 1527 2165 4

305 2185 434 2249 maneat
462 2182 549 2249 dolor
578 2186 671 2266 atque
701 2182 840 2251 confusio
868 2185 979 2250 uelde
1002 2183 1429 2269 uictoriagaudiumuonse·
1526 2170 1527 2189 *

305 2290 429 2371 quatur.
466 2286 521 2352 ubi
543 2304 616 2352 uero
638 2286 700 2353 alio
722 2304 794 2352 enm
817 2286 928 2353 sudore
949 2288 1089 2355 luetante
1111 2288 1191 2353 alius
1214 2304 1286 2353 ouun
1309 2288 1375 2354 otio
1397 2304 1429 2351 ae

304 2391 470 2459 seouritate
492 2391 634 2475 confligit
657 2393 689 2457 et
711 2391 751 2457 ad
768 2391 966 2457 deiciendum
988 2392 1147 2457 aemulum
1163 2391 1229 2457 sola
1243 2409 1299 2475 pro
1314 2392 1430 2456 uiribus

305 2495 407 2560 utitur
428 2496 601 2572 uoluntate,
624 2512 684 2559 non
707 2512 813 2579 pugna
835 2493 966 2561 dicenda
989 2496 1037 2560 est
1058 2513 1114 2561 nee
1130 2494 1319 2561 conluctatio
1334 2512 1430 2577 neque
1525 2562 1526 2567 ,

305 2603 471 2677 testamen,
494 2598 549 2663 sed
569 2598 678 2681 iniqua
705 2598 856 2682 quaedam
879 2602 911 2664 et
932 2598 1165 2665 inrationabilis
1194 2596 1460 2680 obpugnationisu

274 2701 466 2785 3inprossio.
502 2701 556 2767 sed
579 2701 671 2783 plane
697 2701 843 2769 laborant
872 2703 903 2767 et
930 2701 990 2784 ipsi
1014 2720 1073 2767 non
1098 2702 1202 2768 minus
1225 2702 1431 2785 inpugnantes

305 2805 467 2871 hominum
501 2822 600 2888 genus
632 2807 665 2869 et
696 2803 859 2888 desudant,
890 2808 926 2870 ut
953 2804 1155 2888 praeualeant
1185 2805 1222 2870 de
1251 2822 1432 2887 unoquoque

305 2909 395 2975 illam
418 2926 512 2991 qnam
534 2907 667 2990 eupiunt
687 2906 827 2974 obtinere
849 2908 1023 2987 uictoriam,
1048 2912 1080 2973 et
1103 2908 1302 2990 retorquetur
1324 2908 1357 2971 in
1381 2924 1431 2971 eos
1524 2962 1525 2981 ,

305 3012 362 3078 illa
390 3011 528 3077 oonfusio
556 3029 635 3092 qnae
661 3029 717 3077 nos
746 3012 902 3095 manebat,
936 3012 961 3075 si
990 3011 1029 3075 ab
1052 3010 1130 3093 ipsis
1153 3010 1323 3077 fuissemus
1352 3010 1431 3086 elisi,

306 3116 477 3181 seeundum
511 3114 607 3180 illud:
637 3114 754 3196 eaput
783 3113 981 3179 eirouitus
1010 3131 1159 3179 eorum:
1189 3112 1304 3179 labor
1334 3112 1463 3179 labi-u

306 3236 415 3284 orum
449 3220 624 3299 ipsorum
658 3216 814 3300 operiet
843 3235 923 3297 eos,
954 3218 999 3281 et:
1031 3218 1293 3282 oonuertetur
1323 3214 1433 3281 dolor

306 3321 392 3388 eius
425 3322 464 3388 in
492 3322 612 3404 eaput
640 3320 741 3396 eius,
770 3324 804 3385 et
831 3320 965 3385 iterum:
995 3320 1132 3385 ueuiut
1160 3318 1227 3386 illi
1250 3319 1431 3402 laqueus,

357 3541 555 3611 septula
654 3542 893 3607 lamentat
993 3540 1240 3608 1311Tin.4‚7
1338 3537 1432 3594 uelo.

306 3629 418 3695 139,10
519 3628 553 3682 26
573 3627 617 3682 Ps.
637 3628 662 3696 ’1,
682 3628 714 3683 17
817 3628 851 3683 at
870 3627 912 3681 Ps.
932 3628 1010 3691 34,8

359 3832 443 3888 lXX
465 3832 503 3889 W
600 3833 722 3902 tuique
745 3832 796 3886 VP
898 3832 1091 3901 9sauguenim
1115 3831 1142 3886 V
1240 3833 1272 3887 11
1292 3832 1434 3901 nequititia
1522 3842 1523 3924 q

310 3919 337 3974 V
360 3919 480 3989 nequitia
490 3919 599 3976 D²0X¹
681 3919 714 3973 14
732 3922 763 3973 ut
781 3934 831 3973 oue.
849 3916 909 3973 DX
934 3919 965 3972 ut
982 3920 1010 3972 et
1026 3918 1068 3973 D²
1148 3916 1439 3987 utrumqueDWO'P

306 4026 481 4092 utrorumque
503 4023 535 4078 X
635 4010 731 4108 sontior
752 4021 783 4076 D
888 4021 918 4075 15
943 4021 1108 4076 seluemo
1210 4021 1385 4077 deiectionem
1405 4018 1434 4072 D

309 4126 361 4184 ΟΡ
387 4126 558 4181 delectionem
575 4126 612 4181 W
681 4127 715 4180 16
727 4126 833 4179 monost
847 4125 892 4182 W¹
964 4127 1050 4195 adque
1065 4125 1142 4182 VOP
1210 4125 1370 4181 uicturisV

307 4215 340 4269 18
366 4213 496 4268 aemulum
523 4212 572 4269 W¹
678 4212 709 4267 19
732 4226 780 4265 neo
799 4214 930 4265 esttamen
954 4211 995 4265 D¹
1100 4212 1134 4266 23
1160 4212 1303 4267 uioturisnr
1333 4210 1366 4267 V¹
1521 4256 1522 4292 q

303 4301 361 4369 eos]
379 4300 440 4355 illes
458 4315 493 4355 ao
509 4298 573 4354 ilius
595 4297 622 4353 V
715 4298 750 4352 14
766 4296 908 4351 fuessimns
929 4296 954 4351 V
1046 4296 1080 4353 25
1097 4297 1183 4368 oapud
1207 4298 1232 4352 V
1323 4296 1357 4353 26
1373 4310 1435 4351 oon-

304 4388 423 4441 uertitur
441 4386 481 4441 D¹
585 4385 661 4441 dolus
678 4385 720 4439 D·
823 4382 856 4437 21
876 4384 960 4453 capud
982 4384 1035 4438 VD
