3092 4967
289 455 332 518 40
670 448 837 504 Iohannis
855 447 1015 503 Cassiani

250 641 392 707 4uidetis
415 656 487 722 ergo
510 659 570 705 nou
586 643 745 704 terrenum
766 658 823 704 nec
836 658 970 722 paruum
984 656 1051 704 esse
1066 636 1263 703 discretionis
1279 654 1403 709 munus,

280 746 333 809 sed
356 744 480 809 diuinae
495 744 614 825 gratiae
629 742 800 807 maximum
821 741 1004 824 praemium.
1035 760 1130 824 qnam
1152 740 1213 807 nisi
1234 740 1404 807 monachus

280 848 364 913 omni
400 846 571 912 intentione
609 846 704 911 luerit
739 846 903 911 adsecutus
939 846 972 910 et
1004 844 1240 911 ascendentium
1271 846 1305 909 iu
1337 861 1405 910 sese

280 951 447 1031 spirituum
481 950 698 1015 discretionem
733 953 818 1014 certa
844 947 965 1014 ratione
993 948 1175 1030 possederit,
1203 965 1327 1013 necesse
1356 955 1404 1013 est

281 1072 351 1117 eum
374 1053 462 1118 uelut
485 1055 516 1119 in
539 1056 629 1117 nocte
651 1070 744 1117 caeca
770 1051 940 1134 taetrisque
961 1050 1099 1116 tenebris
1121 1051 1319 1116 oberrantem
1342 1069 1440 1117 nous

280 1156 380 1221 solum
409 1157 588 1237 perniciosis
620 1155 718 1221 foueis
745 1172 783 1221 ao
812 1156 988 1238 praeruptis
1009 1155 1154 1237 incidere,
1177 1154 1230 1219 sed
1252 1156 1349 1220 etiam
1369 1156 1405 1221 in

279 1259 381 1342 planis
403 1276 440 1324 ao
462 1258 586 1325 directis
610 1259 789 1342 frequenter
814 1259 980 1324 offendere.

321 1379 364 1445 ΙΙ.
380 1380 510 1446 Memini
526 1382 624 1464 igitur
639 1382 797 1463 quondam
812 1379 847 1444 in
862 1380 952 1445 annis
968 1380 1070 1445 adhuc
1086 1379 1237 1461 pueritiae
1251 1380 1403 1443 constitu·

280 1484 332 1548 tus
361 1484 393 1547 in
421 1484 562 1567 pertibus
591 1482 773 1564 Thebaidos,
802 1484 856 1548 nbi
886 1486 996 1549 beatus
1026 1482 1181 1548 Antonius
1213 1484 1402 1561 morabatur,

278 1588 412 1651 seniores
446 1588 485 1652 ad
520 1606 591 1653 eum
624 1586 821 1670 perfectionis
850 1588 1052 1669 inquirendae
1080 1586 1184 1671 gratia
1213 1586 1439 1650 conuenisseo

281 1706 412 1771 cumque
435 1708 453 1754 a
474 1690 659 1773 uespertinis
688 1689 771 1754 horis
800 1708 897 1773 usqne
920 1690 959 1754 ad
982 1691 1086 1755 lucem
1108 1688 1220 1753 fnisset
1241 1690 1403 1770 protracta

280 1792 422 1868 conlatio,
445 1794 657 1873 quaestionem
679 1793 759 1858 hanc
780 1792 953 1857 maximum
978 1793 1076 1857 noctis
1103 1794 1239 1874 spatium
1255 1808 1402 1855 consum·

279 1894 386 1975 psisse.
417 1912 490 1959 uum
512 1894 686 1961 diutissime
709 1894 914 1977 quaerebatur
936 1914 1090 1977 quaenam
1111 1895 1214 1960 uirtus
1230 1897 1280 1959 uel
1296 1892 1403 1959 obser·

281 1996 389 2061 nautia
422 1998 606 2063 monachum
641 1998 738 2080 possit
761 2018 780 2063 a
802 1998 915 2064 diaboli
950 1999 1068 2081 laqueis
1101 2016 1138 2063 ac
1171 1998 1403 2081 deceptionibus

280 2102 433 2165 custodire
463 2120 584 2185 semper
611 2102 766 2168 inlaesum
795 2103 846 2167 uel
875 2108 958 2167 certe
985 2106 1070 2167 neoto
1097 2103 1223 2168 tramite
1251 2101 1403 2182 firmoque
1413 2120 1438 2159 u

250 2215 386 2287 2gressu
420 2206 457 2269 ud
490 2204 687 2287 perfectionis
721 2205 845 2271 culmen
879 2206 1015 2270 auehere.
1053 2222 1186 2288 cumque
1219 2221 1274 2286 pro
1310 2207 1403 2285 captu

280 2306 395 2371 mentis
423 2324 495 2373 suae
522 2308 672 2391 proferret
697 2311 909 2393 unusquisque
930 2309 1118 2375 sententiam
1141 2311 1174 2375 et
1195 2308 1252 2373 alii
1275 2307 1403 2390 quidem

280 2410 337 2474 hoc
358 2412 391 2475 iu
413 2412 597 2477 ieiuniorum
620 2412 864 2498 uigiliarumque
893 2412 996 2478 studio
1018 2412 1222 2487 conlocareut,
1249 2410 1331 2493 quod
1353 2410 1403 2475 his

279 2512 427 2579 uidelicet
449 2518 616 2581 extenuata
639 2533 725 2580 mens
748 2536 785 2581 uc
814 2516 986 2600 puritatem
1009 2516 1109 2581 cordis
1132 2517 1164 2580 et
1186 2514 1321 2596 corporis
1344 2513 1401 2579 ad·

279 2620 386 2681 secuta
414 2617 470 2683 deo
499 2618 622 2685 facilins
654 2620 804 2698 uniretur,
837 2620 890 2685 slii
918 2620 952 2685 iu
982 2622 1162 2702 contemptu
1186 2618 1439 2684 uniuersarnmao

279 2737 392 2799 rerum,
426 2720 538 2803 quibus
571 2742 660 2787 mens
684 2724 711 2787 si
743 2724 868 2805 penitus
902 2724 1080 2804 nudaretur,
1113 2727 1274 2804 tamquam
1304 2720 1404 2785 nullis

279 2823 422 2904 deinceps
452 2824 658 2890 retinentibus
688 2826 805 2909 laqueis
835 2828 873 2891 ad
905 2828 996 2890 deum
1023 2825 1194 2909 expeditior
1215 2823 1403 2907 perueniret,

279 2925 334 2991 alii
368 2926 568 2992 anachoresis
601 2930 817 3014 necessariam,
852 2932 882 2996 id
911 2932 959 2994 est
988 2931 1191 2994 remotionem
1223 2931 1255 2993 et
1285 2928 1404 2993 heremi

279 3032 394 3094 secrete
424 3034 592 3107 censerent,
623 3032 656 3094 in
686 3050 746 3115 qua
777 3050 974 3098 commanens
1004 3034 1073 3115 quis
1096 3032 1281 3097 familiarius
1304 3031 1403 3095 inter·

280 3133 395 3216 pellere
418 3137 509 3199 dsnm
532 3134 620 3216 eique
645 3136 743 3217 possit
770 3135 957 3217 peculiarius
979 3135 1149 3216 inhaerere,
1173 3132 1314 3199 nonnulli
1336 3148 1439 3200 sec-¹⁶

279 3236 376 3301 tanda
397 3236 548 3313 caritatis,
571 3236 604 3301 id
627 3242 674 3302 est
697 3238 900 3303 humanitatis
927 3238 1031 3303 officia
1052 3237 1227 3317 delinirent,¹
1247 3236 1330 3319 quod
1352 3236 1403 3301 his

279 3356 372 3421 regna
393 3339 548 3405 caelorum
571 3340 718 3406 daturum
740 3359 772 3406 ss
795 3341 940 3408 domiuus
962 3342 995 3405 iu
1018 3340 1178 3424 euangelio
1201 3340 1289 3405 uelut
1303 3340 1401 3421 speci-

279 3442 360 3506 alius
390 3444 588 3525 repromittat
611 3442 730 3509 dicens:
762 3445 899 3509 uenite
927 3443 1137 3509 benedicti
1160 3444 1289 3526 petris
1310 3442 1401 3524 mei,

279 3546 476 3628 possidete
509 3552 688 3629 paratum
724 3550 834 3614 uobis
868 3566 1029 3632 regnum
1058 3565 1077 3611 a
1106 3545 1402 3612 constitutione

380 3732 415 3787 28
433 3731 482 3785 Mt.
501 3732 543 3799 25,
560 3732 663 3787 34-35

331 3901 349 3955 4
374 3900 517 3969 possiderit
547 3902 615 3956 WX
726 3902 743 3955 5
769 3902 898 3969 tetrisque
924 3901 987 3957 DX
1092 3901 1279 3958 obseruautem
1304 3902 1336 3957 D

279 4007 296 4060 6
318 4004 415 4073 pernlt.
437 4005 505 4060 WX
606 4004 724 4059 incedere
742 4006 825 4062 D¹W
852 4006 989 4061 concidere
1007 4008 1058 4061 Xr
1159 4007 1176 4061 9
1199 4005 1333 4061 thebaidis
1350 4004 1402 4071 (dis

278 4111 388 4175 iores.)
407 4109 436 4163 D
523 4109 555 4163 10
571 4110 722 4178 puectionis
740 4112 769 4177 (u
786 4112 896 4177 iseros.)
913 4110 944 4165 D
972 4110 1144 4179 perfectiones
1158 4111 1207 4167 W¹
1294 4110 1327 4164 14
1342 4123 1403 4178 pos·

279 4215 320 4265 set
343 4212 389 4265 W²
491 4203 575 4267 aabbli
593 4216 617 4281 (a
635 4215 666 4268 in
684 4216 750 4283 ras.)
773 4213 803 4268 D
909 4216 941 4269 16
965 4215 1140 4285 perfectiones
1164 4214 1264 4268 calmin
1285 4214 1336 4269 W*

278 4298 313 4350 20
330 4298 448 4351 odiretur
465 4298 506 4352 12²
601 4298 634 4353 23
652 4300 748 4354 herlmi
766 4300 797 4354 1>
890 4302 924 4357 26
941 4302 1054 4355 caritate
1076 4300 1115 4355 W
1196 4300 1230 4354 at
1247 4300 1404 4371 euuangelio

283 4384 331 4439 W¹
434 4384 467 4437 28
484 4388 575 4453 patres
592 4385 632 4438 12¹
