3092 4967
689 474 847 531 donresto
869 474 891 540 I,
911 474 934 528 l.

232 750 233 753 Ἴ
277 666 386 733 XIIII.
411 668 456 733 De
478 668 598 731 animae
619 666 834 747 perpetuitate.

316 769 385 833 XV.
410 770 455 834 De
478 770 714 853 contemplando
742 769 808 833 deo.

301 871 387 937 XVI.
410 870 618 954 interrogatio
640 873 678 937 de
701 870 926 954 cogitationum
948 866 1134 932 mobilitate.

285 974 385 1039 XVII.
408 975 589 1058 Responsio,
613 974 688 1057 qnid
711 976 808 1057 possit
832 992 917 1037 mens
932 990 1026 1053 super
1041 968 1267 1053 cogitationum
1284 972 1370 1034 statu

222 1104 236 1143 s
411 1078 524 1161 quidue
547 1097 607 1143 non
630 1076 741 1161 possit.

266 1179 386 1246 XVIII.
408 1182 592 1265 conparatio
614 1180 739 1263 oqueris
760 1180 862 1245 molae
885 1182 917 1243 et
940 1177 1072 1244 animae.

241 1282 382 1348 XVIIII.
406 1285 453 1349 De
474 1286 574 1349 tribus
597 1284 824 1366 cogitationum
847 1282 1023 1345 nostrarum
1048 1279 1215 1362 principiIs.

318 1385 386 1451 XX.
410 1388 457 1451 De
479 1386 689 1452 discernendis
713 1382 954 1469 cogitationibus
978 1382 1017 1447 ad
1039 1382 1278 1447 similitudinem
1299 1397 1369 1463 pro-

410 1488 524 1554 babilis
547 1488 725 1571 trapezitae.

207 1623 235 1662 ιο
294 1591 381 1657 ΧΧΙ.
406 1594 452 1658 De
474 1593 630 1657 inlusione
654 1592 777 1657 abbatis
799 1590 958 1655 Iohannis.

280 1694 383 1761 XXII.
406 1697 453 1761 De
475 1695 701 1780 quadripertita
722 1694 919 1760 discretionis
941 1692 1070 1757 ratione.

263 1798 384 1864 XXIII.
407 1799 454 1864 De
476 1817 617 1865 sermone
639 1798 773 1865 doctoris
796 1797 966 1862 secundum
994 1794 1186 1861 audientium
1209 1792 1368 1858 merItnm.

777 1974 908 1981 0——0—

287 2106 314 2172 I.
336 2105 415 2173 (lum
430 2107 462 2171 in
478 2105 603 2171 heremo
619 2106 704 2185 Sciti,
734 2106 788 2171 ubi
802 2105 1024 2172 monachorum
1035 2104 1246 2187 probatissimi
1261 2105 1366 2185 patres

242 2211 277 2273 et
300 2209 401 2274 omnis
425 2210 675 2275 commorabatur
696 2209 855 2292 perfectio,
878 2208 1024 2275 abbatem
1045 2208 1184 2292 Moysen,
1209 2209 1261 2289 qui
1284 2207 1367 2272 inter

206 2310 316 2379 milles
344 2312 484 2395 egregios
517 2311 606 2377 flores
633 2311 759 2377 suauiue
781 2330 843 2377 non
865 2310 968 2377 solnm
989 2310 1115 2388 actuali,
1137 2328 1246 2375 nerum
1269 2311 1366 2375 etiam

243 2413 419 2479 theoretica
446 2412 564 2479 uirtute
587 2414 756 2496 fragrabat,
786 2414 983 2479 Institutione
1009 2414 1075 2479 eins
1096 2412 1220 2478 fundari
1242 2410 1368 2495 cupiens

243 2517 427 2598 expetissem
456 2535 517 2581 nna
545 2533 617 2581 oum
645 2519 753 2583 sancto
782 2516 895 2583 abbate
921 2514 1075 2582 (immane
1101 2517 1187 2597 (oum
1208 2534 1268 2596 quo
1289 2514 1368 2581 mihi

243 2618 284 2683 ab
301 2618 367 2701 ipso
383 2618 526 2683 tirocinio
542 2637 579 2685 ac
593 2619 780 2683 rudimentis
796 2619 931 2684 militiae
944 2618 1097 2702 spiritalis
1112 2619 1158 2685 ita
1172 2618 1367 2683 indiuiduam

242 2721 388 2803 deinceps
412 2723 647 2788 contubernium
670 2724 735 2789 tem
758 2724 792 2787 in
815 2722 961 2788 menobio
983 2741 1076 2804 qnam
1098 2724 1133 2787 in
1155 2722 1279 2787 heremo
1295 2721 1366 2797 fuit,

208 2825 278 2889 sont
301 2824 406 2889 cuncti
420 2828 459 2891 ad
473 2824 709 2906 significandam
736 2824 914 2891 sodalitatis
928 2843 965 2891 ac
979 2824 1129 2908 propositi
1144 2825 1242 2890 nostri
1256 2823 1366 2906 parili-

241 2929 341 2993 tatem
364 2928 602 3010 pronuntiarent
627 2946 722 2995 unam
743 2933 883 2995 mentem
904 2932 999 3012 atque
1020 2930 1156 2994 enlmam
1177 2929 1295 2993 duobus
1316 2928 1366 2993 in-

242 3048 308 3096 esse
342 3032 547 3112 corporibus),
583 3030 760 3115 pariterque
792 3033 831 3097 ab
858 3035 965 3099 eodem
997 3032 1109 3099 abbate
1143 3030 1366 3097 aedificationis

241 3152 416 3199 sermonem
436 3134 514 3199 fusis
537 3132 676 3199 lacrimis
698 3151 892 3216 posceremus
917 3136 1044 3219 (qnippe
1066 3135 1155 3201 ouius
1170 3135 1253 3200 hunc
1267 3134 1365 3199 animi

240 3238 375 3319 rigorem
398 3236 654 3301 manifeetIesime
675 3252 872 3319 noueremus,
887 3240 923 3301 ut
937 3236 998 3303 nisi
1014 3236 1147 3303 fideliter
1162 3237 1365 3303 desideranti-

207 3339 299 3404 esbns
321 3342 354 3404 et
376 3358 447 3405 oum
475 3340 559 3405 omni
590 3339 691 3405 cordis
715 3339 901 3405 oontrItione
926 3340 1148 3423 quaerentibus
1170 3358 1364 3423 nequaqnam

241 3440 455 3524 adquiesceret
476 3444 602 3508 ianuam
626 3442 827 3524 perfectionis
848 3443 978 3525 aperire,
1002 3461 1041 3507 ne
1056 3443 1187 3517 scilioet,
1203 3445 1231 3507 si
1245 3443 1364 3526 passim

240 3546 291 3611 nel
312 3544 487 3611 nolentibus
509 3564 577 3610 eam
600 3544 652 3609 uel
673 3545 778 3628 tepide
800 3545 979 3611 sitientibus
1001 3545 1168 3624 exhiberet,
1191 3566 1240 3611 res
1256 3564 1362 3611 neom·

241 3646 337 3713 sarias
360 3651 393 3711 et
414 3666 492 3731 qnae
514 3648 588 3713 solis
611 3648 833 3730 perfectionem
854 3647 1051 3731 cupientibus
1075 3648 1189 3714 debent
1207 3667 1275 3715 esse
1290 3666 1363 3715 eon-

291 3881 398 3951 lquod
416 3882 447 3936 X
546 3883 730 3953 iltrapenetee
747 3883 788 3937 D¹
892 3884 925 3939 12
946 3884 1084 3938 meritum.
1107 3884 1222 3938 liniunt
1238 3883 1364 3953 capItnla

241 3966 273 4021 In
290 3974 336 4039 xpi
354 3966 417 4023 norir
435 3968 507 4038 incip
525 3968 631 4023 abbatis
649 3972 735 4038 moysi
754 3968 871 4024 conlatio
888 3969 975 4039 prime
993 3970 1025 4023 de
1043 3969 1221 4024 distentatione
1238 3970 1320 4037 (corr.
1333 3968 1365 4023 fa

241 4052 432 4122 destinatione)
456 4048 606 4108 monachii
630 4054 682 4107 fine
703 4054 733 4108 D
835 4054 936 4123 incipit
959 4055 1073 4108 conlatio
1096 4054 1200 4109 abbatie
1224 4054 1309 4124 moysi
1332 4053 1364 4107 de

240 4140 362 4195 monachi
380 4140 557 4195 distinetione
574 4141 618 4194 uel
636 4140 687 4194 fine
706 4141 737 4194 X
823 4140 856 4194 13
874 4140 970 4195 schitia
988 4140 1008 4208 (i
1025 4148 1105 4209 eree.)
1124 4142 1156 4196 X
1240 4142 1272 4195 le
1289 4141 1365 4195 theo

239 4224 319 4279 ritice
336 4224 367 4278 D
394 4224 512 4279 theorice
530 4224 579 4279 Xc
658 4224 798 4295 fragrabat
815 4228 927 4295 scripsi:
959 4226 1093 4295 flagrabat
1109 4226 1191 4282 DXo
1208 4227 1242 4293 cf.
1264 4225 1364 4291 Vms

240 4313 274 4363 19
369 4310 481 4365 fundare
497 4310 539 4366 D¹
638 4312 670 4365 18
687 4312 818 4381 tyrocinio
836 4312 888 4366 Xe
982 4313 1016 4367 23
1033 4314 1101 4368 hanc
1117 4313 1159 4368 D¹
1252 4313 1286 4367 26
1305 4327 1363 4381 por·

240 4394 361 4450 sanctonis
379 4396 409 4450 D
