<?xml version="1.0" encoding="UTF-8"?>
<!DOCTYPE html PUBLIC "-//W3C//DTD XHTML 1.0 Transitional//EN"
    "http://www.w3.org/TR/xhtml1/DTD/xhtml1-transitional.dtd">
<html xmlns="http://www.w3.org/1999/xhtml" xml:lang="en" lang="en">
 <head>
  <title>
</title>
<meta http-equiv="Content-Type" content="text/html;charset=utf-8" />
  <meta name='ocr-system' content='tesseract 3.04.00' />
  <meta name='ocr-capabilities' content='ocr_page ocr_carea ocr_par ocr_line ocrx_word'/>
</head>
<body>
  <div class='ocr_page' id='page_1' title='image "./iohanniscassian00petsgoog_0052.png"; bbox 0 0 3092 4967; ppageno 0'>
   <div class='ocr_carea' id='block_1_1' title="bbox 301 446 1034 515">
    <p class='ocr_par' dir='ltr' id='par_1_1' title="bbox 301 446 1034 515">
     <span class='ocr_line' id='line_1_1' title="bbox 301 446 1034 515; baseline -0.007 -7"><span class='ocrx_word' id='word_1_1' title='bbox 301 450 345 515; x_wconf 71' lang='lat'><strong>42</strong></span> <span class='ocrx_word' id='word_1_2' title='bbox 690 449 856 505; x_wconf 79' lang='lat' dir='ltr'><strong>Iohannis</strong></span> <span class='ocrx_word' id='word_1_3' title='bbox 877 446 1034 506; x_wconf 77' lang='lat' dir='ltr'><strong>Cassiani</strong></span> 
     </span>
    </p>
   </div>
   <div class='ocr_carea' id='block_1_2' title="bbox 270 638 1460 2163">
    <p class='ocr_par' dir='ltr' id='par_1_2' title="bbox 270 638 1460 2163">
     <span class='ocr_line' id='line_1_2' title="bbox 300 638 1423 722; baseline 0.002 -19"><span class='ocrx_word' id='word_1_4' title='bbox 300 640 437 704; x_wconf 89' lang='lat' dir='ltr'><strong>oculus</strong></span> <span class='ocrx_word' id='word_1_5' title='bbox 467 642 576 704; x_wconf 87' lang='lat' dir='ltr'><strong>tuus:</strong></span> <span class='ocrx_word' id='word_1_6' title='bbox 611 640 747 722; x_wconf 86' lang='lat' dir='ltr'><strong>quodsi</strong></span> <span class='ocrx_word' id='word_1_7' title='bbox 780 640 917 707; x_wconf 88' lang='lat' dir='ltr'><strong>oculus</strong></span> <span class='ocrx_word' id='word_1_8' title='bbox 950 643 1042 703; x_wconf 89' lang='lat' dir='ltr'><strong>tuus</strong></span> <span class='ocrx_word' id='word_1_9' title='bbox 1075 640 1246 721; x_wconf 77' lang='lat' dir='ltr'>simplex</span> <span class='ocrx_word' id='word_1_10' title='bbox 1279 638 1423 719; x_wconf 81' lang='lat' dir='ltr'><strong>tuerit,</strong></span> 
     </span>
     <span class='ocr_line' id='line_1_3' title="bbox 300 741 1424 826; baseline 0 -19"><span class='ocrx_word' id='word_1_11' title='bbox 300 742 427 807; x_wconf 90' lang='lat' dir='ltr'><strong>totum</strong></span> <span class='ocrx_word' id='word_1_12' title='bbox 457 758 598 826; x_wconf 90' lang='lat' dir='ltr'><strong>eorpus</strong></span> <span class='ocrx_word' id='word_1_13' title='bbox 628 746 738 807; x_wconf 86' lang='lat' dir='ltr'><strong>tuum</strong></span> <span class='ocrx_word' id='word_1_14' title='bbox 759 742 935 808; x_wconf 87' lang='lat' dir='ltr'><strong>lucidum</strong></span> <span class='ocrx_word' id='word_1_15' title='bbox 960 743 1054 807; x_wconf 87' lang='lat' dir='ltr'><strong>erit:</strong></span> <span class='ocrx_word' id='word_1_16' title='bbox 1075 742 1111 807; x_wconf 92' lang='lat' dir='ltr'><strong>si</strong></span> <span class='ocrx_word' id='word_1_17' title='bbox 1133 744 1264 807; x_wconf 90' lang='lat' dir='ltr'><strong>autem</strong></span> <span class='ocrx_word' id='word_1_18' title='bbox 1285 741 1424 807; x_wconf 85' lang='lat' dir='ltr'><strong>oculus</strong></span> 
     </span>
     <span class='ocr_line' id='line_1_4' title="bbox 300 844 1424 928; baseline 0.001 -19"><span class='ocrx_word' id='word_1_19' title='bbox 300 846 392 910; x_wconf 89' lang='lat' dir='ltr'><strong>tuus</strong></span> <span class='ocrx_word' id='word_1_20' title='bbox 421 862 584 928; x_wconf 85' lang='lat' dir='ltr'><strong>nequam</strong></span> <span class='ocrx_word' id='word_1_21' title='bbox 612 844 756 922; x_wconf 88' lang='lat' dir='ltr'><strong>luerit,</strong></span> <span class='ocrx_word' id='word_1_22' title='bbox 786 846 915 911; x_wconf 86' lang='lat' dir='ltr'><strong>totum</strong></span> <span class='ocrx_word' id='word_1_23' title='bbox 942 862 1084 927; x_wconf 89' lang='lat' dir='ltr'><strong>corpus</strong></span> <span class='ocrx_word' id='word_1_24' title='bbox 1110 846 1221 910; x_wconf 88' lang='lat' dir='ltr'><strong>tuum</strong></span> <span class='ocrx_word' id='word_1_25' title='bbox 1241 845 1424 910; x_wconf 87' lang='lat' dir='ltr'><strong>tenebro-</strong></span> 
     </span>
     <span class='ocr_line' id='line_1_5' title="bbox 300 947 1424 1032; baseline -0.001 -20"><span class='ocrx_word' id='word_1_26' title='bbox 300 966 382 1013; x_wconf 90' lang='lat' dir='ltr'><strong>sum</strong></span> <span class='ocrx_word' id='word_1_27' title='bbox 399 949 491 1026; x_wconf 87' lang='lat' dir='ltr'><strong>erit,</strong></span> <span class='ocrx_word' id='word_1_28' title='bbox 507 966 541 1014; x_wconf 92' lang='lat' dir='ltr'><strong>eo</strong></span> <span class='ocrx_word' id='word_1_29' title='bbox 558 949 637 1032; x_wconf 91' lang='lat' dir='ltr'><strong>quod</strong></span> <span class='ocrx_word' id='word_1_30' title='bbox 653 951 720 1031; x_wconf 88' lang='lat' dir='ltr'><strong>ipsa</strong></span> <span class='ocrx_word' id='word_1_31' title='bbox 735 949 941 1031; x_wconf 87' lang='lat' dir='ltr'><strong>cogitationes</strong></span> <span class='ocrx_word' id='word_1_32' title='bbox 953 947 1088 1012; x_wconf 89' lang='lat' dir='ltr'><strong>hominis</strong></span> <span class='ocrx_word' id='word_1_33' title='bbox 1100 947 1264 1012; x_wconf 88' lang='lat' dir='ltr'><strong>uniuersas</strong></span> <span class='ocrx_word' id='word_1_34' title='bbox 1273 949 1424 1031; x_wconf 79' lang='lat' dir='ltr'><strong>actusque</strong></span> 
     </span>
     <span class='ocr_line' id='line_1_6' title="bbox 301 1049 1457 1135; baseline -0.002 -19"><span class='ocrx_word' id='word_1_35' title='bbox 301 1051 479 1116; x_wconf 89' lang='lat' dir='ltr'><strong>discernens</strong></span> <span class='ocrx_word' id='word_1_36' title='bbox 501 1055 612 1116; x_wconf 88' lang='lat' dir='ltr'><strong>cuneta</strong></span> <span class='ocrx_word' id='word_1_37' title='bbox 626 1069 705 1134; x_wconf 90' lang='lat' dir='ltr'><strong>quae</strong></span> <span class='ocrx_word' id='word_1_38' title='bbox 720 1051 854 1135; x_wconf 88' lang='lat' dir='ltr'><strong>gerenda</strong></span> <span class='ocrx_word' id='word_1_39' title='bbox 868 1052 945 1116; x_wconf 89' lang='lat' dir='ltr'><strong>sunt</strong></span> <span class='ocrx_word' id='word_1_40' title='bbox 957 1049 1119 1133; x_wconf 89' lang='lat' dir='ltr'><strong>peruideat</strong></span> <span class='ocrx_word' id='word_1_41' title='bbox 1132 1054 1226 1133; x_wconf 86' lang='lat' dir='ltr'><strong>atque</strong></span> <span class='ocrx_word' id='word_1_42' title='bbox 1240 1052 1422 1133; x_wconf 86' lang='lat' dir='ltr'><strong>perlustret:</strong></span> <span class='ocrx_word' id='word_1_43' title='bbox 1446 1078 1457 1114; x_wconf 76' lang='lat' dir='ltr'><strong>e</strong></span> 
     </span>
     <span class='ocr_line' id='line_1_7' title="bbox 270 1152 1425 1237; baseline 0 -18"><span class='ocrx_word' id='word_1_44' title='bbox 270 1152 379 1237; x_wconf 82' lang='lat' dir='ltr'><strong>dquae</strong></span> <span class='ocrx_word' id='word_1_45' title='bbox 407 1154 436 1219; x_wconf 89' lang='lat' dir='ltr'><strong>si</strong></span> <span class='ocrx_word' id='word_1_46' title='bbox 462 1154 496 1219; x_wconf 93' lang='lat' dir='ltr'><strong>in</strong></span> <span class='ocrx_word' id='word_1_47' title='bbox 519 1154 643 1219; x_wconf 91' lang='lat' dir='ltr'><strong>homine</strong></span> <span class='ocrx_word' id='word_1_48' title='bbox 671 1171 804 1236; x_wconf 79' lang='lat' dir='ltr'><strong>nequam</strong></span> <span class='ocrx_word' id='word_1_49' title='bbox 825 1153 929 1237; x_wconf 85' lang='lat' dir='ltr'><strong>fuerit,</strong></span> <span class='ocrx_word' id='word_1_50' title='bbox 953 1154 986 1218; x_wconf 93' lang='lat' dir='ltr'><strong>id</strong></span> <span class='ocrx_word' id='word_1_51' title='bbox 1009 1154 1136 1219; x_wconf 87' lang='lat' dir='ltr'><strong>estnon</strong></span> <span class='ocrx_word' id='word_1_52' title='bbox 1159 1171 1234 1218; x_wconf 91' lang='lat' dir='ltr'><strong>nero</strong></span> <span class='ocrx_word' id='word_1_53' title='bbox 1255 1152 1371 1219; x_wconf 90' lang='lat' dir='ltr'><strong>iudicio</strong></span> <span class='ocrx_word' id='word_1_54' title='bbox 1391 1162 1425 1219; x_wconf 88' lang='lat' dir='ltr'><strong>et</strong></span> 
     </span>
     <span class='ocr_line' id='line_1_8' title="bbox 301 1256 1423 1339; baseline 0 -18"><span class='ocrx_word' id='word_1_55' title='bbox 301 1257 432 1323; x_wconf 90' lang='lat' dir='ltr'><strong>scientia</strong></span> <span class='ocrx_word' id='word_1_56' title='bbox 468 1258 660 1323; x_wconf 89' lang='lat' dir='ltr'><strong>communita</strong></span> <span class='ocrx_word' id='word_1_57' title='bbox 696 1274 751 1321; x_wconf 88' lang='lat' dir='ltr'><strong>seu</strong></span> <span class='ocrx_word' id='word_1_58' title='bbox 788 1256 927 1339; x_wconf 89' lang='lat' dir='ltr'><strong>quolibet</strong></span> <span class='ocrx_word' id='word_1_59' title='bbox 961 1274 1064 1321; x_wconf 89' lang='lat' dir='ltr'><strong>errore</strong></span> <span class='ocrx_word' id='word_1_60' title='bbox 1100 1274 1137 1321; x_wconf 86' lang='lat' dir='ltr'><strong>ac</strong></span> <span class='ocrx_word' id='word_1_61' title='bbox 1169 1256 1423 1339; x_wconf 72' lang='lat' dir='ltr'><strong>praesumptione</strong></span> 
     </span>
     <span class='ocr_line' id='line_1_9' title="bbox 300 1357 1424 1442; baseline -0.001 -17"><span class='ocrx_word' id='word_1_62' title='bbox 300 1361 438 1442; x_wconf 85' lang='lat' dir='ltr'><strong>decepta,</strong></span> <span class='ocrx_word' id='word_1_63' title='bbox 470 1361 572 1425; x_wconf 86' lang='lat' dir='ltr'><strong>tetum</strong></span> <span class='ocrx_word' id='word_1_64' title='bbox 606 1378 715 1442; x_wconf 87' lang='lat' dir='ltr'><strong>eorpus</strong></span> <span class='ocrx_word' id='word_1_65' title='bbox 752 1362 892 1424; x_wconf 88' lang='lat' dir='ltr'><strong>nostmm</strong></span> <span class='ocrx_word' id='word_1_66' title='bbox 926 1357 1021 1424; x_wconf 79' lang='lat' dir='ltr'><strong>iaciat</strong></span> <span class='ocrx_word' id='word_1_67' title='bbox 1052 1358 1262 1437; x_wconf 80' lang='lat' dir='ltr'><strong>tenebrosum,</strong></span> <span class='ocrx_word' id='word_1_68' title='bbox 1290 1357 1349 1423; x_wconf 90' lang='lat' dir='ltr'><strong>boc</strong></span> <span class='ocrx_word' id='word_1_69' title='bbox 1376 1363 1424 1424; x_wconf 87' lang='lat' dir='ltr'><strong>est</strong></span> 
     </span>
     <span class='ocr_line' id='line_1_10' title="bbox 301 1462 1424 1544; baseline -0.001 -16"><span class='ocrx_word' id='word_1_70' title='bbox 301 1480 424 1528; x_wconf 89' lang='lat' dir='ltr'><strong>omnem</strong></span> <span class='ocrx_word' id='word_1_71' title='bbox 438 1466 537 1527; x_wconf 88' lang='lat' dir='ltr'><strong>aciem</strong></span> <span class='ocrx_word' id='word_1_72' title='bbox 554 1464 668 1528; x_wconf 90' lang='lat' dir='ltr'><strong>mentis</strong></span> <span class='ocrx_word' id='word_1_73' title='bbox 684 1468 834 1544; x_wconf 85' lang='lat' dir='ltr'><strong>actusque</strong></span> <span class='ocrx_word' id='word_1_74' title='bbox 849 1463 970 1527; x_wconf 90' lang='lat' dir='ltr'><strong>nostros</strong></span> <span class='ocrx_word' id='word_1_75' title='bbox 982 1462 1091 1528; x_wconf 90' lang='lat' dir='ltr'><strong>reddat</strong></span> <span class='ocrx_word' id='word_1_76' title='bbox 1102 1462 1260 1539; x_wconf 88' lang='lat' dir='ltr'><strong>obscmos‚</strong></span> <span class='ocrx_word' id='word_1_77' title='bbox 1272 1463 1424 1527; x_wconf 84' lang='lat' dir='ltr'><strong>caeoiiate</strong></span> 
     </span>
     <span class='ocr_line' id='line_1_11' title="bbox 299 1564 1460 1648; baseline 0.002 -17"><span class='ocrx_word' id='word_1_78' title='bbox 299 1564 419 1631; x_wconf 90' lang='lat' dir='ltr'><strong>scilicet</strong></span> <span class='ocrx_word' id='word_1_79' title='bbox 439 1565 588 1632; x_wconf 88' lang='lat' dir='ltr'><strong>uitiorum</strong></span> <span class='ocrx_word' id='word_1_80' title='bbox 609 1570 642 1629; x_wconf 92' lang='lat' dir='ltr'><strong>et</strong></span> <span class='ocrx_word' id='word_1_81' title='bbox 663 1566 933 1648; x_wconf 75' lang='lat' dir='ltr'><strong>perturbationum</strong></span> <span class='ocrx_word' id='word_1_82' title='bbox 950 1565 1085 1631; x_wconf 91' lang='lat' dir='ltr'><strong>tenebris</strong></span> <span class='ocrx_word' id='word_1_83' title='bbox 1100 1566 1266 1631; x_wconf 82' lang='lat' dir='ltr'><strong>inuolatus.</strong></span> <span class='ocrx_word' id='word_1_84' title='bbox 1289 1565 1325 1629; x_wconf 88' lang='lat' dir='ltr'><strong>si</strong></span> <span class='ocrx_word' id='word_1_85' title='bbox 1341 1564 1460 1633; x_wconf 71' lang='lat' dir='ltr'><strong>enimse</strong></span> 
     </span>
     <span class='ocr_line' id='line_1_12' title="bbox 301 1667 1424 1751; baseline 0.001 -18"><span class='ocrx_word' id='word_1_86' title='bbox 301 1668 405 1750; x_wconf 90' lang='lat' dir='ltr'><strong>inquit</strong></span> <span class='ocrx_word' id='word_1_87' title='bbox 426 1668 558 1734; x_wconf 91' lang='lat' dir='ltr'><strong>lumen</strong></span> <span class='ocrx_word' id='word_1_88' title='bbox 581 1668 679 1751; x_wconf 90' lang='lat' dir='ltr'><strong>quod</strong></span> <span class='ocrx_word' id='word_1_89' title='bbox 702 1668 740 1733; x_wconf 93' lang='lat' dir='ltr'><strong>in</strong></span> <span class='ocrx_word' id='word_1_90' title='bbox 763 1673 801 1733; x_wconf 90' lang='lat' dir='ltr'><strong>te</strong></span> <span class='ocrx_word' id='word_1_91' title='bbox 824 1672 884 1732; x_wconf 90' lang='lat' dir='ltr'><strong>est</strong></span> <span class='ocrx_word' id='word_1_92' title='bbox 905 1667 1093 1733; x_wconf 76' lang='lat' dir='ltr'><strong>tenebrae</strong></span> <span class='ocrx_word' id='word_1_93' title='bbox 1113 1672 1218 1750; x_wconf 89' lang='lat' dir='ltr'><strong>sunt,</strong></span> <span class='ocrx_word' id='word_1_94' title='bbox 1236 1669 1424 1735; x_wconf 82' lang='lat' dir='ltr'><strong>tenebrae</strong></span> 
     </span>
     <span class='ocr_line' id='line_1_13' title="bbox 301 1771 1424 1855; baseline 0.001 -19"><span class='ocrx_word' id='word_1_95' title='bbox 301 1772 411 1855; x_wconf 85' lang='lat' dir='ltr'><strong>ipsae</strong></span> <span class='ocrx_word' id='word_1_96' title='bbox 440 1772 608 1855; x_wconf 87' lang='lat' dir='ltr'><strong>quantae</strong></span> <span class='ocrx_word' id='word_1_97' title='bbox 636 1774 768 1837; x_wconf 87' lang='lat' dir='ltr'><strong>erunt!</strong></span> <span class='ocrx_word' id='word_1_98' title='bbox 797 1771 877 1835; x_wconf 91' lang='lat' dir='ltr'><strong>nulli</strong></span> <span class='ocrx_word' id='word_1_99' title='bbox 906 1789 1039 1853; x_wconf 85' lang='lat' dir='ltr'><strong>namque</strong></span> <span class='ocrx_word' id='word_1_100' title='bbox 1066 1772 1197 1836; x_wconf 86' lang='lat' dir='ltr'><strong>dubium</strong></span> <span class='ocrx_word' id='word_1_101' title='bbox 1224 1777 1274 1836; x_wconf 92' lang='lat' dir='ltr'><strong>est</strong></span> <span class='ocrx_word' id='word_1_102' title='bbox 1302 1772 1424 1839; x_wconf 81' lang='lat' dir='ltr'><strong>errante</strong></span> 
     </span>
     <span class='ocr_line' id='line_1_14' title="bbox 302 1874 1425 1957; baseline 0.003 -20"><span class='ocrx_word' id='word_1_103' title='bbox 302 1874 417 1940; x_wconf 89' lang='lat' dir='ltr'><strong>indicio</strong></span> <span class='ocrx_word' id='word_1_104' title='bbox 440 1874 540 1940; x_wconf 90' lang='lat' dir='ltr'><strong>cordis</strong></span> <span class='ocrx_word' id='word_1_105' title='bbox 562 1876 663 1939; x_wconf 88' lang='lat' dir='ltr'><strong>nostri</strong></span> <span class='ocrx_word' id='word_1_106' title='bbox 686 1878 718 1939; x_wconf 93' lang='lat' dir='ltr'><strong>et</strong></span> <span class='ocrx_word' id='word_1_107' title='bbox 740 1875 943 1956; x_wconf 80' lang='lat' dir='ltr'><strong>ignorationis</strong></span> <span class='ocrx_word' id='word_1_108' title='bbox 960 1880 1052 1939; x_wconf 87' lang='lat' dir='ltr'><strong>nocte</strong></span> <span class='ocrx_word' id='word_1_109' title='bbox 1065 1893 1206 1956; x_wconf 86' lang='lat' dir='ltr'><strong>possesse</strong></span> <span class='ocrx_word' id='word_1_110' title='bbox 1220 1876 1425 1957; x_wconf 85' lang='lat' dir='ltr'><strong>cogitationes</strong></span> 
     </span>
     <span class='ocr_line' id='line_1_15' title="bbox 302 1978 1425 2060; baseline 0.004 -21"><span class='ocrx_word' id='word_1_111' title='bbox 302 1992 422 2059; x_wconf 88' lang='lat' dir='ltr'><strong>quoque</strong></span> <span class='ocrx_word' id='word_1_112' title='bbox 454 1980 486 2042; x_wconf 91' lang='lat' dir='ltr'><strong>et</strong></span> <span class='ocrx_word' id='word_1_113' title='bbox 518 1994 611 2060; x_wconf 88' lang='lat' dir='ltr'><strong>opera</strong></span> <span class='ocrx_word' id='word_1_114' title='bbox 642 1982 756 2055; x_wconf 79' lang='lat' dir='ltr'><strong>nostra</strong></span> <span class='ocrx_word' id='word_1_115' title='bbox 792 1995 870 2060; x_wconf 88' lang='lat' dir='ltr'><strong>quae</strong></span> <span class='ocrx_word' id='word_1_116' title='bbox 902 1996 939 2042; x_wconf 81' lang='lat' dir='ltr'><strong>es</strong></span> <span class='ocrx_word' id='word_1_117' title='bbox 971 1978 1169 2044; x_wconf 84' lang='lat' dir='ltr'><strong>discretionis</strong></span> <span class='ocrx_word' id='word_1_118' title='bbox 1203 1978 1425 2044; x_wconf 90' lang='lat' dir='ltr'><strong>deliberatione</strong></span> 
     </span>
     <span class='ocr_line' id='line_1_16' title="bbox 301 2080 1458 2163; baseline 0.001 -18"><span class='ocrx_word' id='word_1_119' title='bbox 301 2080 497 2158; x_wconf 84' lang='lat' dir='ltr'><strong>descendunt,</strong></span> <span class='ocrx_word' id='word_1_120' title='bbox 521 2080 689 2147; x_wconf 84' lang='lat' dir='ltr'><strong>maioribus</strong></span> <span class='ocrx_word' id='word_1_121' title='bbox 711 2084 908 2162; x_wconf 88' lang='lat' dir='ltr'><strong>peccatorum</strong></span> <span class='ocrx_word' id='word_1_122' title='bbox 929 2081 1067 2147; x_wconf 87' lang='lat' dir='ltr'><strong>tenebris</strong></span> <span class='ocrx_word' id='word_1_123' title='bbox 1089 2081 1242 2163; x_wconf 87' lang='lat' dir='ltr'><strong>inplicari.</strong></span> <span class='ocrx_word' id='word_1_124' title='bbox 1434 2105 1458 2146; x_wconf 78' lang='lat' dir='ltr'><strong>re</strong></span> 
     </span>
    </p>
   </div>
   <div class='ocr_carea' id='block_1_3' title="bbox 272 2200 1458 3416">
    <p class='ocr_par' dir='ltr' id='par_1_3' title="bbox 300 2200 1457 2903">
     <span class='ocr_line' id='line_1_17' title="bbox 344 2200 1426 2286; baseline 0 -21"><span class='ocrx_word' id='word_1_125' title='bbox 344 2200 404 2266; x_wconf 90' lang='lat' dir='ltr'><strong>Ill.</strong></span> <span class='ocrx_word' id='word_1_126' title='bbox 437 2200 577 2284; x_wconf 85' lang='lat' dir='ltr'><strong>Denique</strong></span> <span class='ocrx_word' id='word_1_127' title='bbox 609 2200 674 2276; x_wconf 87' lang='lat' dir='ltr'><strong>ille,</strong></span> <span class='ocrx_word' id='word_1_128' title='bbox 709 2201 761 2283; x_wconf 92' lang='lat' dir='ltr'><strong>qui</strong></span> <span class='ocrx_word' id='word_1_129' title='bbox 790 2202 911 2284; x_wconf 86' lang='lat' dir='ltr'><strong>primus</strong></span> <span class='ocrx_word' id='word_1_130' title='bbox 939 2202 1053 2266; x_wconf 89' lang='lat' dir='ltr'><strong>iudicio</strong></span> <span class='ocrx_word' id='word_1_131' title='bbox 1082 2203 1131 2265; x_wconf 90' lang='lat' dir='ltr'><strong>dei</strong></span> <span class='ocrx_word' id='word_1_132' title='bbox 1160 2219 1289 2286; x_wconf 88' lang='lat' dir='ltr'><strong>regnum</strong></span> <span class='ocrx_word' id='word_1_133' title='bbox 1318 2202 1426 2283; x_wconf 89' lang='lat' dir='ltr'><strong>pepuli</strong></span> 
     </span>
     <span class='ocr_line' id='line_1_18' title="bbox 302 2303 1424 2386; baseline 0.001 -19"><span class='ocrx_word' id='word_1_134' title='bbox 302 2304 448 2369; x_wconf 81' lang='lat' dir='ltr'><strong>israhelis</strong></span> <span class='ocrx_word' id='word_1_135' title='bbox 476 2303 617 2379; x_wconf 87' lang='lat' dir='ltr'><strong>emeruit,</strong></span> <span class='ocrx_word' id='word_1_136' title='bbox 647 2305 719 2386; x_wconf 91' lang='lat' dir='ltr'><strong>quia</strong></span> <span class='ocrx_word' id='word_1_137' title='bbox 747 2304 830 2369; x_wconf 92' lang='lat' dir='ltr'><strong>hunc</strong></span> <span class='ocrx_word' id='word_1_138' title='bbox 857 2304 1054 2370; x_wconf 82' lang='lat' dir='ltr'><strong>discretionis</strong></span> <span class='ocrx_word' id='word_1_139' title='bbox 1082 2303 1208 2369; x_wconf 91' lang='lat' dir='ltr'><strong>oculum</strong></span> <span class='ocrx_word' id='word_1_140' title='bbox 1229 2320 1424 2385; x_wconf 86' lang='lat' dir='ltr'><strong>nequaquam</strong></span> 
     </span>
     <span class='ocr_line' id='line_1_19' title="bbox 302 2406 1425 2489; baseline 0 -18"><span class='ocrx_word' id='word_1_141' title='bbox 302 2406 420 2487; x_wconf 85' lang='lat' dir='ltr'><strong>habuit,</strong></span> <span class='ocrx_word' id='word_1_142' title='bbox 449 2406 539 2472; x_wconf 87' lang='lat' dir='ltr'><strong>uelut</strong></span> <span class='ocrx_word' id='word_1_143' title='bbox 559 2406 626 2471; x_wconf 87' lang='lat' dir='ltr'><strong>toto</strong></span> <span class='ocrx_word' id='word_1_144' title='bbox 647 2424 773 2489; x_wconf 90' lang='lat' dir='ltr'><strong>corpore</strong></span> <span class='ocrx_word' id='word_1_145' title='bbox 801 2408 981 2471; x_wconf 87' lang='lat' dir='ltr'><strong>tenebrosus</strong></span> <span class='ocrx_word' id='word_1_146' title='bbox 1007 2408 1103 2472; x_wconf 85' lang='lat' dir='ltr'><strong>etiam</strong></span> <span class='ocrx_word' id='word_1_147' title='bbox 1125 2406 1193 2488; x_wconf 92' lang='lat' dir='ltr'><strong>ipso</strong></span> <span class='ocrx_word' id='word_1_148' title='bbox 1215 2406 1353 2471; x_wconf 85' lang='lat' dir='ltr'><strong>deiectus</strong></span> <span class='ocrx_word' id='word_1_149' title='bbox 1375 2408 1425 2471; x_wconf 90' lang='lat' dir='ltr'><strong>est</strong></span> 
     </span>
     <span class='ocr_line' id='line_1_20' title="bbox 301 2507 1424 2594; baseline -0.002 -21"><span class='ocrx_word' id='word_1_150' title='bbox 301 2528 405 2594; x_wconf 85' lang='lat' dir='ltr'><strong>regno,</strong></span> <span class='ocrx_word' id='word_1_151' title='bbox 439 2508 514 2572; x_wconf 90' lang='lat' dir='ltr'><strong>dnm</strong></span> <span class='ocrx_word' id='word_1_152' title='bbox 547 2507 691 2573; x_wconf 88' lang='lat' dir='ltr'><strong>lucernae</strong></span> <span class='ocrx_word' id='word_1_153' title='bbox 724 2508 817 2574; x_wconf 91' lang='lat' dir='ltr'><strong>huius</strong></span> <span class='ocrx_word' id='word_1_154' title='bbox 849 2510 986 2575; x_wconf 86' lang='lat' dir='ltr'><strong>tenebris</strong></span> <span class='ocrx_word' id='word_1_155' title='bbox 1020 2512 1113 2591; x_wconf 89' lang='lat' dir='ltr'><strong>atque</strong></span> <span class='ocrx_word' id='word_1_156' title='bbox 1147 2526 1248 2574; x_wconf 91' lang='lat' dir='ltr'><strong>errore</strong></span> <span class='ocrx_word' id='word_1_157' title='bbox 1276 2510 1424 2589; x_wconf 89' lang='lat' dir='ltr'><strong>deceptus</strong></span> 
     </span>
     <span class='ocr_line' id='line_1_21' title="bbox 301 2610 1457 2695; baseline -0.002 -19"><span class='ocrx_word' id='word_1_158' title='bbox 301 2610 543 2693; x_wconf 88' lang='lat' dir='ltr'><strong>acceptabiliora</strong></span> <span class='ocrx_word' id='word_1_159' title='bbox 575 2613 632 2677; x_wconf 91' lang='lat' dir='ltr'><strong>dee</strong></span> <span class='ocrx_word' id='word_1_160' title='bbox 665 2610 819 2677; x_wconf 85' lang='lat' dir='ltr'><strong>sacrificia</strong></span> <span class='ocrx_word' id='word_1_161' title='bbox 845 2631 902 2678; x_wconf 90' lang='lat' dir='ltr'><strong>sua</strong></span> <span class='ocrx_word' id='word_1_162' title='bbox 930 2630 1025 2695; x_wconf 89' lang='lat' dir='ltr'><strong>qnam</strong></span> <span class='ocrx_word' id='word_1_163' title='bbox 1057 2613 1215 2694; x_wconf 79' lang='lat' dir='ltr'><strong>praerepti</strong></span> <span class='ocrx_word' id='word_1_164' title='bbox 1248 2611 1457 2677; x_wconf 76' lang='lat' dir='ltr'><strong>Samubelisse</strong></span> 
     </span>
     <span class='ocr_line' id='line_1_22' title="bbox 300 2712 1427 2799; baseline 0.001 -21"><span class='ocrx_word' id='word_1_165' title='bbox 300 2712 528 2780; x_wconf 87' lang='lat' dir='ltr'><strong>oboedientiam</strong></span> <span class='ocrx_word' id='word_1_166' title='bbox 564 2714 714 2780; x_wconf 87' lang='lat' dir='ltr'><strong>iudicauit</strong></span> <span class='ocrx_word' id='word_1_167' title='bbox 750 2718 844 2797; x_wconf 88' lang='lat' dir='ltr'><strong>atque</strong></span> <span class='ocrx_word' id='word_1_168' title='bbox 881 2736 917 2781; x_wconf 86' lang='lat' dir='ltr'><strong>er</strong></span> <span class='ocrx_word' id='word_1_169' title='bbox 953 2717 1009 2781; x_wconf 93' lang='lat' dir='ltr'><strong>illa</strong></span> <span class='ocrx_word' id='word_1_170' title='bbox 1042 2715 1142 2799; x_wconf 90' lang='lat' dir='ltr'><strong>magis</strong></span> <span class='ocrx_word' id='word_1_171' title='bbox 1176 2716 1263 2796; x_wconf 90' lang='lat' dir='ltr'><strong>parte</strong></span> <span class='ocrx_word' id='word_1_172' title='bbox 1298 2731 1427 2780; x_wconf 88' lang='lat' dir='ltr'><strong>causam</strong></span> 
     </span>
     <span class='ocr_line' id='line_1_23' title="bbox 301 2816 1425 2903; baseline 0.001 -22"><span class='ocrx_word' id='word_1_173' title='bbox 301 2816 479 2881; x_wconf 82' lang='lat' dir='ltr'><strong>offensionis</strong></span> <span class='ocrx_word' id='word_1_174' title='bbox 514 2816 656 2892; x_wconf 87' lang='lat' dir='ltr'><strong>incurrit,</strong></span> <span class='ocrx_word' id='word_1_175' title='bbox 693 2836 728 2883; x_wconf 83' lang='lat' dir='ltr'><strong>ex</strong></span> <span class='ocrx_word' id='word_1_176' title='bbox 773 2837 834 2901; x_wconf 91' lang='lat' dir='ltr'><strong>qua</strong></span> <span class='ocrx_word' id='word_1_177' title='bbox 877 2819 1138 2903; x_wconf 84' lang='lat' dir='ltr'><strong>repropitiandam</strong></span> <span class='ocrx_word' id='word_1_178' title='bbox 1181 2818 1243 2882; x_wconf 90' lang='lat' dir='ltr'><strong>sibi</strong></span> <span class='ocrx_word' id='word_1_179' title='bbox 1259 2830 1268 2845; x_wconf 71' lang='lat'><em>⁴</em></span> <span class='ocrx_word' id='word_1_180' title='bbox 1284 2818 1425 2883; x_wconf 90' lang='lat' dir='ltr'><strong>diuinam</strong></span> 
     </span>
    </p>

    <p class='ocr_par' dir='ltr' id='par_1_4' title="bbox 272 2919 1458 3416">
     <span class='ocr_line' id='line_1_24' title="bbox 272 2919 1425 3004; baseline -0.001 -19"><span class='ocrx_word' id='word_1_181' title='bbox 272 2921 481 3003; x_wconf 71' lang='lat' dir='ltr'><strong>dsperauerat</strong></span> <span class='ocrx_word' id='word_1_182' title='bbox 509 2919 716 2987; x_wconf 86' lang='lat' dir='ltr'><strong>maiestatem.</strong></span> <span class='ocrx_word' id='word_1_183' title='bbox 753 2920 854 2998; x_wconf 87' lang='lat' dir='ltr'><strong>buius,</strong></span> <span class='ocrx_word' id='word_1_184' title='bbox 883 2922 1022 3004; x_wconf 79' lang='lat' dir='ltr'><strong>inquam,</strong></span> <span class='ocrx_word' id='word_1_185' title='bbox 1054 2922 1248 2987; x_wconf 75' lang='lat' dir='ltr'><strong>discretionis</strong></span> <span class='ocrx_word' id='word_1_186' title='bbox 1270 2921 1425 3004; x_wconf 84' lang='lat' dir='ltr'><strong>ignoratio</strong></span> 
     </span>
     <span class='ocr_line' id='line_1_25' title="bbox 303 3019 1426 3107; baseline 0.001 -20"><span class='ocrx_word' id='word_1_187' title='bbox 303 3019 409 3087; x_wconf 78' lang='lat' dir='ltr'><strong>Achab</strong></span> <span class='ocrx_word' id='word_1_188' title='bbox 447 3040 553 3107; x_wconf 88' lang='lat' dir='ltr'><strong>regem</strong></span> <span class='ocrx_word' id='word_1_189' title='bbox 596 3021 716 3087; x_wconf 88' lang='lat' dir='ltr'><strong>Israhel</strong></span> <span class='ocrx_word' id='word_1_190' title='bbox 751 3026 824 3107; x_wconf 90' lang='lat' dir='ltr'><strong>post</strong></span> <span class='ocrx_word' id='word_1_191' title='bbox 859 3025 951 3090; x_wconf 87' lang='lat' dir='ltr'><strong>illurn</strong></span> <span class='ocrx_word' id='word_1_192' title='bbox 993 3023 1240 3090; x_wconf 87' lang='lat' dir='ltr'><strong>sublimissimae</strong></span> <span class='ocrx_word' id='word_1_193' title='bbox 1274 3024 1426 3089; x_wconf 88' lang='lat' dir='ltr'><strong>uictoriae</strong></span> 
     </span>
     <span class='ocr_line' id='line_1_26' title="bbox 300 3123 1458 3208; baseline 0.003 -18"><span class='ocrx_word' id='word_1_194' title='bbox 300 3125 505 3208; x_wconf 80' lang='lat' dir='ltr'><strong>triumphum,</strong></span> <span class='ocrx_word' id='word_1_195' title='bbox 529 3123 584 3208; x_wconf 89' lang='lat' dir='ltr'><strong>qui</strong></span> <span class='ocrx_word' id='word_1_196' title='bbox 606 3126 635 3192; x_wconf 92' lang='lat' dir='ltr'><strong>ei</strong></span> <span class='ocrx_word' id='word_1_197' title='bbox 650 3125 753 3191; x_wconf 87' lang='lat' dir='ltr'><strong>fuerat</strong></span> <span class='ocrx_word' id='word_1_198' title='bbox 768 3126 819 3192; x_wconf 90' lang='lat' dir='ltr'><strong>dei</strong></span> <span class='ocrx_word' id='word_1_199' title='bbox 833 3127 939 3192; x_wconf 79' lang='lat' dir='ltr'><strong>fauore</strong></span> <span class='ocrx_word' id='word_1_200' title='bbox 953 3144 1127 3204; x_wconf 84' lang='lat' dir='ltr'><strong>concessus,</strong></span> <span class='ocrx_word' id='word_1_201' title='bbox 1144 3126 1286 3207; x_wconf 88' lang='lat' dir='ltr'><strong>conpulit</strong></span> <span class='ocrx_word' id='word_1_202' title='bbox 1301 3128 1458 3193; x_wconf 77' lang='lat' dir='ltr'><strong>crederes</strong></span> 
     </span>
     <span class='ocr_line' id='line_1_27' title="bbox 302 3228 1424 3312; baseline 0.002 -19"><span class='ocrx_word' id='word_1_203' title='bbox 302 3228 461 3294; x_wconf 89' lang='lat' dir='ltr'><strong>meliorem</strong></span> <span class='ocrx_word' id='word_1_204' title='bbox 484 3246 551 3294; x_wconf 89' lang='lat' dir='ltr'><strong>esse</strong></span> <span class='ocrx_word' id='word_1_205' title='bbox 573 3228 816 3294; x_wconf 87' lang='lat' dir='ltr'><strong>misericordiam</strong></span> <span class='ocrx_word' id='word_1_206' title='bbox 842 3247 932 3295; x_wconf 89' lang='lat' dir='ltr'><strong>suam</strong></span> <span class='ocrx_word' id='word_1_207' title='bbox 955 3247 1050 3312; x_wconf 88' lang='lat' dir='ltr'><strong>qnam</strong></span> <span class='ocrx_word' id='word_1_208' title='bbox 1071 3229 1170 3295; x_wconf 84' lang='lat' dir='ltr'><strong>diuini</strong></span> <span class='ocrx_word' id='word_1_209' title='bbox 1193 3229 1424 3295; x_wconf 88' lang='lat' dir='ltr'><strong>seuerissimam</strong></span> 
     </span>
     <span class='ocr_line' id='line_1_28' title="bbox 302 3330 1425 3416; baseline 0.001 -21"><span class='ocrx_word' id='word_1_210' title='bbox 302 3332 531 3397; x_wconf 78' lang='lat' dir='ltr'><strong>exsecutionem</strong></span> <span class='ocrx_word' id='word_1_211' title='bbox 547 3330 702 3414; x_wconf 88' lang='lat' dir='ltr'><strong>praecepti</strong></span> <span class='ocrx_word' id='word_1_212' title='bbox 718 3335 749 3396; x_wconf 90' lang='lat' dir='ltr'><strong>et</strong></span> <span class='ocrx_word' id='word_1_213' title='bbox 765 3332 1026 3414; x_wconf 90' lang='lat' dir='ltr'><strong>quemadmodum</strong></span> <span class='ocrx_word' id='word_1_214' title='bbox 1041 3334 1103 3416; x_wconf 92' lang='lat' dir='ltr'><strong>ipsi</strong></span> <span class='ocrx_word' id='word_1_215' title='bbox 1116 3334 1280 3399; x_wconf 84' lang='lat' dir='ltr'><strong>uidebatur</strong></span> <span class='ocrx_word' id='word_1_216' title='bbox 1291 3332 1425 3398; x_wconf 90' lang='lat' dir='ltr'><strong>erudelis</strong></span> 
     </span>
    </p>
   </div>
   <div class='ocr_carea' id='block_1_4' title="bbox 406 3517 1314 3589">
    <p class='ocr_par' dir='ltr' id='par_1_5' title="bbox 406 3517 1314 3589">
     <span class='ocr_line' id='line_1_29' title="bbox 406 3517 1314 3589; baseline 0.004 -18"><span class='ocrx_word' id='word_1_217' title='bbox 406 3517 569 3573; x_wconf 72' lang='lat' dir='ltr'><strong>mrem</strong></span> <span class='ocrx_word' id='word_1_218' title='bbox 671 3518 926 3589; x_wconf 52' lang='lat' dir='ltr'><strong>erasissem</strong></span> <span class='ocrx_word' id='word_1_219' title='bbox 1027 3519 1314 3588; x_wconf 63' lang='lat' dir='ltr'><strong>auerrusepao</strong></span> 
     </span>
    </p>
   </div>
   <div class='ocr_carea' id='block_1_5' title="bbox 355 3685 1426 3779">
    <p class='ocr_par' dir='ltr' id='par_1_6' title="bbox 355 3685 1426 3779">
     <span class='ocr_line' id='line_1_30' title="bbox 355 3685 1426 3779; baseline 0.001 -37"><span class='ocrx_word' id='word_1_220' title='bbox 355 3688 447 3742; x_wconf 86' lang='lat' dir='ltr'><strong>ltuns</strong></span> <span class='ocrx_word' id='word_1_221' title='bbox 459 3691 524 3743; x_wconf 81' lang='lat' dir='ltr'><strong>anta</strong></span> <span class='ocrx_word' id='word_1_222' title='bbox 536 3685 692 3757; x_wconf 85' lang='lat' dir='ltr'><strong>quodsiom.</strong></span> <span class='ocrx_word' id='word_1_223' title='bbox 709 3686 748 3745; x_wconf 88' lang='lat' dir='ltr'><em>W</em></span> <span class='ocrx_word' id='word_1_224' title='bbox 832 3686 914 3742; x_wconf 83' lang='lat' dir='ltr'><strong>fuerit</strong></span> <span class='ocrx_word' id='word_1_225' title='bbox 926 3686 1079 3755; x_wconf 86' lang='lat' dir='ltr'><strong>simplexD</strong></span> <span class='ocrx_word' id='word_1_226' title='bbox 1091 3694 1116 3743; x_wconf 84' lang='lat' dir='ltr'><strong>et</strong></span> <span class='ocrx_word' id='word_1_227' title='bbox 1135 3690 1211 3761; x_wconf 77' lang='lat' dir='ltr'><strong>Valp.</strong></span> <span class='ocrx_word' id='word_1_228' title='bbox 1299 3690 1426 3779; x_wconf 70' lang='lat' dir='ltr'><strong>ducque·</strong></span> 
     </span>
    </p>
   </div>
   <div class='ocr_carea' id='block_1_6' title="bbox 302 3805 1426 4274">
    <p class='ocr_par' dir='ltr' id='par_1_7' title="bbox 302 3805 1426 4274">
     <span class='ocr_line' id='line_1_31' title="bbox 302 3805 1361 3879; baseline 0.005 -18"><span class='ocrx_word' id='word_1_229' title='bbox 302 3822 384 3877; x_wconf 88' lang='lat' dir='ltr'><strong>quam</strong></span> <span class='ocrx_word' id='word_1_230' title='bbox 402 3805 432 3860; x_wconf 91' lang='lat' dir='ltr'><em>D</em></span> <span class='ocrx_word' id='word_1_231' title='bbox 517 3806 623 3874; x_wconf 85' lang='lat' dir='ltr'><strong>4ipsas</strong></span> <span class='ocrx_word' id='word_1_232' title='bbox 640 3806 671 3861; x_wconf 96' lang='lat' dir='ltr'><em>D</em></span> <span class='ocrx_word' id='word_1_233' title='bbox 755 3806 879 3861; x_wconf 88' lang='lat' dir='ltr'><strong>hemines</strong></span> <span class='ocrx_word' id='word_1_234' title='bbox 894 3808 942 3864; x_wconf 91' lang='lat' dir='ltr'><strong>W¹</strong></span> <span class='ocrx_word' id='word_1_235' title='bbox 1029 3808 1306 3879; x_wconf 84' lang='lat' dir='ltr'><strong>uniuersosqueaetus</strong></span> <span class='ocrx_word' id='word_1_236' title='bbox 1322 3812 1361 3866; x_wconf 87' lang='lat' dir='ltr'><strong><em>W</em></strong></span> 
     </span>
     <span class='ocr_line' id='line_1_32' title="bbox 302 3897 1358 3969; baseline 0.002 -12"><span class='ocrx_word' id='word_1_237' title='bbox 302 3902 319 3957; x_wconf 80' lang='lat' dir='ltr'><strong>b</strong></span> <span class='ocrx_word' id='word_1_238' title='bbox 343 3898 495 3969; x_wconf 87' lang='lat' dir='ltr'><strong>generanda</strong></span> <span class='ocrx_word' id='word_1_239' title='bbox 516 3897 546 3952; x_wconf 89' lang='lat' dir='ltr'><strong><em>D</em></strong></span> <span class='ocrx_word' id='word_1_240' title='bbox 648 3898 734 3969; x_wconf 88' lang='lat' dir='ltr'><strong>adque</strong></span> <span class='ocrx_word' id='word_1_241' title='bbox 758 3900 797 3955; x_wconf 94' lang='lat' dir='ltr'><strong><em>W</em></strong></span> <span class='ocrx_word' id='word_1_242' title='bbox 894 3900 1016 3955; x_wconf 89' lang='lat' dir='ltr'><strong>illustret</strong></span> <span class='ocrx_word' id='word_1_243' title='bbox 1037 3903 1068 3957; x_wconf 91' lang='lat' dir='ltr'><em>D</em></span> <span class='ocrx_word' id='word_1_244' title='bbox 1169 3904 1298 3958; x_wconf 70' lang='lat' dir='ltr'><strong>diluerat</strong></span> <span class='ocrx_word' id='word_1_245' title='bbox 1317 3905 1358 3959; x_wconf 92' lang='lat' dir='ltr'><strong>D¹</strong></span> 
     </span>
     <span class='ocr_line' id='line_1_33' title="bbox 304 3990 1426 4071; baseline 0.005 -15"><span class='ocrx_word' id='word_1_246' title='bbox 304 4001 509 4057; x_wconf 77' lang='lat' dir='ltr'><strong>iacientientia</strong></span> <span class='ocrx_word' id='word_1_247' title='bbox 530 4002 568 4056; x_wconf 90' lang='lat' dir='ltr'><strong><em>W</em></strong></span> <span class='ocrx_word' id='word_1_248' title='bbox 653 4002 685 4056; x_wconf 94' lang='lat'><strong>10</strong></span> <span class='ocrx_word' id='word_1_249' title='bbox 703 3992 929 4071; x_wconf 71' lang='lat' dir='ltr'><strong>perturbationem</strong></span> <span class='ocrx_word' id='word_1_250' title='bbox 949 4004 985 4060; x_wconf 93' lang='lat' dir='ltr'><strong><em>W</em></strong></span> <span class='ocrx_word' id='word_1_251' title='bbox 1069 3990 1200 4060; x_wconf 74' lang='lat' dir='ltr'><strong>trenebris</strong></span> <span class='ocrx_word' id='word_1_252' title='bbox 1217 4006 1246 4061; x_wconf 89' lang='lat' dir='ltr'><strong><em>D</em></strong></span> <span class='ocrx_word' id='word_1_253' title='bbox 1333 4008 1366 4061; x_wconf 87' lang='lat'><strong>11</strong></span> <span class='ocrx_word' id='word_1_254' title='bbox 1385 4007 1426 4062; x_wconf 94' lang='lat' dir='ltr'><strong>in·</strong></span> 
     </span>
     <span class='ocr_line' id='line_1_34' title="bbox 302 4075 1357 4177; baseline 0.009 -20"><span class='ocrx_word' id='word_1_255' title='bbox 302 4104 368 4173; x_wconf 88' lang='lat' dir='ltr'><strong>quid</strong></span> <span class='ocrx_word' id='word_1_256' title='bbox 386 4103 460 4158; x_wconf 94' lang='lat' dir='ltr'><strong>DW</strong></span> <span class='ocrx_word' id='word_1_257' title='bbox 543 4104 760 4173; x_wconf 80' lang='lat' dir='ltr'><strong>ldoogitationis</strong></span> <span class='ocrx_word' id='word_1_258' title='bbox 776 4106 826 4163; x_wconf 87' lang='lat' dir='ltr'><strong>W¹</strong></span> <span class='ocrx_word' id='word_1_259' title='bbox 912 4107 944 4161; x_wconf 83' lang='grc'><strong>17</strong></span> <span class='ocrx_word' id='word_1_260' title='bbox 962 4108 1013 4161; x_wconf 84' lang='lat' dir='ltr'><strong>iant</strong></span> <span class='ocrx_word' id='word_1_261' title='bbox 1029 4108 1060 4162; x_wconf 86' lang='lat' dir='ltr'>X</span> <span class='ocrx_word' id='word_1_262' title='bbox 1086 4075 1093 4092; x_wconf 34' lang='grc' dir='ltr'>ι</span> <span class='ocrx_word' id='word_1_263' title='bbox 1144 4122 1258 4177; x_wconf 87' lang='lat' dir='ltr'><strong>nequam</strong></span> <span class='ocrx_word' id='word_1_264' title='bbox 1275 4110 1357 4167; x_wconf 87' lang='lat' dir='ltr'><strong>D¹W</strong></span> 
     </span>
     <span class='ocr_line' id='line_1_35' title="bbox 302 4198 1357 4274; baseline 0.009 -23"><span class='ocrx_word' id='word_1_265' title='bbox 302 4198 338 4251; x_wconf 76' lang='lat'><strong>20</strong></span> <span class='ocrx_word' id='word_1_266' title='bbox 356 4198 655 4267; x_wconf 59' lang='lat' dir='ltr'><strong>praecepitdicens.</strong></span> <span class='ocrx_word' id='word_1_267' title='bbox 673 4216 707 4254; x_wconf 85' lang='lat' dir='ltr'><strong>m.</strong></span> <span class='ocrx_word' id='word_1_268' title='bbox 720 4202 750 4267; x_wconf 76' lang='lat'><strong>2)</strong></span> <span class='ocrx_word' id='word_1_269' title='bbox 768 4202 799 4255; x_wconf 91' lang='lat' dir='ltr'><em>D</em></span> <span class='ocrx_word' id='word_1_270' title='bbox 896 4203 1023 4255; x_wconf 87' lang='lat' dir='ltr'><strong>samuelis</strong></span> <span class='ocrx_word' id='word_1_271' title='bbox 1041 4202 1073 4255; x_wconf 82' lang='lat' dir='ltr'><em>X</em></span> <span class='ocrx_word' id='word_1_272' title='bbox 1172 4204 1204 4257; x_wconf 74' lang='lat'><strong>21</strong></span> <span class='ocrx_word' id='word_1_273' title='bbox 1224 4204 1310 4274; x_wconf 87' lang='lat' dir='ltr'><strong>adque</strong></span> <span class='ocrx_word' id='word_1_274' title='bbox 1327 4205 1357 4260; x_wconf 88' lang='lat' dir='ltr'><em>D</em></span> 
     </span>
    </p>
   </div>
   <div class='ocr_carea' id='block_1_7' title="bbox 302 4284 1425 4426">
    <p class='ocr_par' dir='ltr' id='par_1_8' title="bbox 302 4284 1425 4426">
     <span class='ocr_line' id='line_1_36' title="bbox 302 4284 1425 4357; baseline 0.005 -18"><span class='ocrx_word' id='word_1_275' title='bbox 302 4284 336 4339; x_wconf 79' lang='lat'><strong>22</strong></span> <span class='ocrx_word' id='word_1_276' title='bbox 359 4284 516 4340; x_wconf 84' lang='lat' dir='ltr'><strong>offensiones</strong></span> <span class='ocrx_word' id='word_1_277' title='bbox 540 4284 580 4339; x_wconf 90' lang='lat' dir='ltr'><strong>D¹</strong></span> <span class='ocrx_word' id='word_1_278' title='bbox 683 4302 763 4356; x_wconf 90' lang='lat' dir='ltr'><strong>quam</strong></span> <span class='ocrx_word' id='word_1_279' title='bbox 785 4288 833 4343; x_wconf 93' lang='lat' dir='ltr'><strong>W¹</strong></span> <span class='ocrx_word' id='word_1_280' title='bbox 936 4287 970 4341; x_wconf 73' lang='lat'><strong>23</strong></span> <span class='ocrx_word' id='word_1_281' title='bbox 993 4291 1167 4357; x_wconf 77' lang='lat' dir='ltr'><strong>magestatem</strong></span> <span class='ocrx_word' id='word_1_282' title='bbox 1190 4289 1221 4343; x_wconf 91' lang='lat' dir='ltr'><em>D</em></span> <span class='ocrx_word' id='word_1_283' title='bbox 1323 4291 1360 4345; x_wconf 78' lang='grc'><strong>24</strong></span> <span class='ocrx_word' id='word_1_284' title='bbox 1376 4292 1425 4345; x_wconf 83' lang='lat' dir='ltr'><strong>ieri</strong></span> 
     </span>
     <span class='ocr_line' id='line_1_37' title="bbox 302 4369 747 4426; baseline 0.004 -2"><span class='ocrx_word' id='word_1_285' title='bbox 302 4369 405 4424; x_wconf 85' lang='lat' dir='ltr'><strong>DWX</strong></span> <span class='ocrx_word' id='word_1_286' title='bbox 505 4370 699 4426; x_wconf 78' lang='lat' dir='ltr'><strong>sublimissimi</strong></span> <span class='ocrx_word' id='word_1_287' title='bbox 715 4371 747 4426; x_wconf 91' lang='lat' dir='ltr'><em>D</em></span> 
     </span>
    </p>
   </div>
   <div class='ocr_carea' id='block_1_8' title="bbox 0 0 1550 4967">
    <p class='ocr_par' dir='ltr' id='par_1_9' title="bbox 0 0 1550 4967">
     <span class='ocr_line' id='line_1_38' title="bbox 0 0 1550 4967; baseline 0 0"><span class='ocrx_word' id='word_1_288' title='bbox 0 0 1550 4967; x_wconf 95' lang='lat' dir='ltr'><strong> </strong></span> 
     </span>
    </p>
   </div>
  </div>
 </body>
</html>
