3092 4967
429 415 432 422 Ι
480 459 642 514 Conlatio
659 457 761 524 xxm,
780 457 891 512 11-12.
1184 458 1246 525 657

121 647 381 731 fraudulentoque
404 649 579 714 conmercio
601 647 721 714 uenditi
737 646 854 715 sumus.
892 665 1015 714 omnem
1030 648 1113 713 enim
1128 647 1247 730 prolem

121 771 211 818 suem
238 753 389 834 serpentis
415 753 616 834 persuasione
644 752 792 818 seductus
822 752 938 818 inliciti
964 751 1029 818 cibi
1049 751 1247 835 perceptione

122 857 305 922 distractam
328 858 399 939 iugo
421 859 588 938 perpetuae
610 857 773 922 seruitutis
799 855 930 922 addixit.
967 855 1016 922 bic
1032 873 1164 937 namque
1180 873 1247 919 mos

121 963 201 1026 solet
223 960 306 1026 inter
328 959 516 1025 uendentem
539 964 755 1043 amantemque
778 961 907 1040 seruari,
934 959 1013 1024 ntis
1028 962 1080 1042 qui
1097 979 1130 1024 se
1145 959 1248 1024 alieno

100 1065 210 1146 eaupit
234 1063 372 1129 dominio
395 1063 580 1146 mancipare,
603 1063 738 1146 pretium
769 1081 824 1144 pro
847 1062 968 1128 iactura
989 1064 1130 1145 propriae
1152 1061 1248 1126 liber·

123 1167 200 1232 tatis
234 1169 266 1230 et
298 1166 473 1232 addictione
506 1171 672 1249 perpetuae
705 1165 869 1232 seruitutis
902 1185 921 1232 a
953 1183 1009 1231 suo
1043 1173 1248 1248 consequatur

123 1272 272 1351 emptore.
310 1272 389 1352 quod
414 1267 509 1334 otiam
534 1268 616 1334 inter
642 1269 743 1334 Adam
759 1270 853 1352 atque
867 1272 1044 1351 serpentem
1059 1265 1280 1334 manifestis-3

122 1375 199 1437 sime
223 1371 365 1437 uidemus
388 1369 563 1454 impletum.
600 1371 655 1436 ille
686 1373 769 1438 enim
793 1392 812 1438 a
832 1376 975 1454 serpente
996 1373 1132 1455 pretium
1155 1372 1248 1438 liber·

122 1476 200 1541 tatis
223 1493 296 1540 suae
320 1493 374 1540 esu
396 1476 581 1542 interdictae
603 1477 723 1544 arboris
754 1478 877 1559 capiens
900 1497 919 1544 a
941 1477 1080 1543 naturali
1101 1478 1248 1542 libertate

90 1581 270 1646 radisoessit
291 1578 401 1662 illique
424 1578 540 1644 maluit
562 1581 661 1644 semet
676 1580 779 1664 ipsum
795 1585 947 1665 perpetua
961 1583 1072 1647 dedere
1086 1581 1249 1659 seruitute,

122 1703 140 1748 a
163 1699 226 1765 quo
242 1681 333 1746 uetiti
349 1682 432 1764 pomi
448 1681 544 1746 letale
560 1683 695 1763 pretium
706 1683 815 1756 ‚suerat
828 1685 1011 1750 adsecutus:
1027 1703 1088 1766 qua
1102 1683 1249 1766 deinceps

122 1784 302 1850 condicione
331 1783 516 1848 constrictus
545 1803 606 1850 non
635 1784 781 1851 inmerito
811 1804 932 1852 omnem
962 1785 1156 1870 posteritatis
1178 1803 1250 1850 suae

122 1887 304 1972 progeniem
334 1891 482 1970 perpetuo
512 1889 614 1953 eidem
643 1890 730 1954 cuiue
756 1889 886 1954 effectus
908 1893 957 1954 est
979 1907 1087 1954 seruus
1109 1888 1253 1954 subdidit

122 1991 290 2058 famulatu.
330 1991 403 2072 quid
427 1974 509 2056 enim
532 1992 616 2056 aliud
640 1993 753 2058 seruile
776 1994 957 2076 coniugium
970 1997 1076 2077 potest
1089 2011 1251 2075 procreare

90 2113 222 2179 requam
250 2098 377 2160 seruos?
406 2095 480 2178 quid
511 2100 609 2180 ergo?
638 2098 791 2180 numquid
819 2099 942 2179 emptor
972 2101 1031 2164 iste
1052 2101 1199 2164 uersutus
1220 2102 1252 2163 ct

123 2198 260 2265 callidus
284 2199 408 2264 domino
432 2217 505 2264 uero
528 2204 622 2282 atque
645 2201 788 2281 legitimo
811 2202 860 2266 ius
877 2201 1096 2266 dominationis
1111 2201 1251 2285 eripuit?

121 2321 183 2368 non
215 2303 263 2367 ita
291 2305 348 2368 est.
386 2321 485 2385 neque
515 2303 599 2370 enim
634 2307 678 2368 sic
707 2305 762 2368 ille
793 2323 884 2370 omne
906 2305 1062 2386 peculium
1084 2305 1134 2369 dei
1157 2305 1282 2370 unius4

121 2404 242 2470 fraudis
275 2404 439 2470 dolositate
473 2405 621 2487 peruasit,
653 2410 689 2470 ut
718 2409 890 2490 potentiam
920 2407 1051 2473 dominii
1080 2408 1131 2472 sui
1157 2426 1250 2494 uerus
1310 2481 1318 2498 ο

121 2508 300 2574 dominator
332 2509 501 2588 amitteret,
531 2509 586 2592 qui
620 2513 722 2594 ipsum
757 2528 878 2594 quoque
907 2514 1080 2595 emptorem
1109 2510 1251 2593 quamuis

88 2612 266 2694 octoiugem
290 2613 342 2676 uel
364 2613 512 2678 rebellem
535 2618 639 2678 tamen
656 2615 727 2696 iugo
745 2613 895 2695 deprimit
911 2615 1090 2679 seruitutis:
1106 2614 1159 2679 sed
1177 2613 1252 2695 qnia

123 2715 268 2782 omnibns
300 2715 538 2782 rationabilibus
572 2716 721 2782 creaturis
758 2717 881 2782 arbitrii
917 2717 1098 2783 libertatem
1130 2717 1252 2782 creator

123 2818 309 2896 indulserat,
332 2837 395 2896 eos,
418 2821 471 2901 qui
493 2837 527 2884 sc
549 2821 656 2885 contra
679 2820 726 2884 fas
744 2820 848 2884 edacis
864 2820 1131 2904 concupiscentiae
1148 2823 1251 2885 trans·

122 2922 282 3006 gressione
304 2923 517 3004 condiderant,
534 2922 650 2988 inuitos
665 2922 704 2988 ad
720 2922 895 3006 ingenitam
910 2923 1090 2988 libertatem
1106 2941 1251 2988 reuocare

123 3043 186 3090 non
219 3022 337 3088 debuit.
375 3023 522 3091 abhorret
550 3023 720 3109 siquidem·
735 3027 773 3090 ab
803 3024 859 3090 illo
888 3024 1030 3089 iustitiae
1061 3042 1098 3090 ec
1125 3024 1252 3108 pietatis

89 3152 114 3192 aa
125 3131 261 3205 auctore,
284 3125 433 3209 quidquid
451 3129 582 3193 bonitati
598 3128 813 3210 aequitatique
830 3128 1022 3193 contrarium
1040 3129 1099 3192 est,
1132 3127 1283 3197 malumb

124 3229 208 3295 enim
246 3229 347 3294 iuerat
385 3230 412 3295 ei
450 3248 609 3296 concessae
648 3229 806 3296 libertatis
843 3229 1029 3297 beneficium
1064 3229 1251 3308 reuocasset,

123 3333 278 3399 iniustum
307 3332 333 3398 si
364 3332 499 3397 liberum
529 3332 687 3398 hominem
719 3331 860 3416 potentie
881 3351 938 3397 sua
960 3333 1135 3414 opprimens
1158 3337 1252 3415 atque

124 3435 285 3518 captiuans
315 3435 469 3520 libertatis
502 3437 645 3517 acceptae
675 3434 871 3518 pontificium
898 3437 1007 3517 exequi
1030 3452 1091 3501 non
1114 3435 1252 3516 eluisset,

124 3539 211 3605 cuius
246 3539 382 3606 salutem
415 3537 448 3604 in
482 3538 589 3603 lutura
618 3541 695 3603 tnnc
724 3538 851 3604 saecula
879 3539 1068 3617 reseruenit,
1101 3542 1140 3604 ut
1167 3543 1253 3605 recto

176 3827 476 3899 llraudolentoqued
578 3828 798 3884 conuertunt)
826 3829 979 3883 commertio
996 3829 1055 3883 rell.
1160 3831 1254 3900 dper.

124 3923 256 3996 petrico
363 3923 448 3977 dbis
475 3921 541 3978 F¹0
646 3921 892 3992 bmancipariO
992 3923 1119 3994 pretium]
1135 3925 1255 3994 -aliquid

123 4019 202 4089 pretii
222 4017 329 4086 (praecii
348 4016 400 4085 11¹)
421 4017 488 4088 Ode
582 4015 700 4086 ‘ladque
719 4016 747 4070 Β
844 4017 964 4072 deoru.
984 4017 1016 4072 F
1098 4019 1131 4073 10
1148 4019 1254 4090 dedere]

125 4111 275 4182 uendered
374 4111 406 4166 12
424 4111 524 4165 condit.
541 4111 638 4166 Bm
739 4111 772 4165 lb
790 4113 877 4165 emtor
895 4110 948 4166 FO
1046 4112 1079 4166 18
1095 4110 1197 4167 domini
1215 4113 1256 4168 Βι

124 4205 219 4263 FOK¹
324 4206 358 4260 24
380 4205 506 4260 adhorret
532 4206 569 4260 B¹
672 4206 705 4260 25
728 4203 904 4274 quicquidO
1005 4205 1128 4259 bonitate
1150 4207 1187 4260 2¹

124 4300 158 4354 al
184 4301 207 4353 ai
232 4315 283 4354 om.
307 4299 337 4354 F
436 4299 522 4368 adque
540 4300 567 4354 B
670 4301 704 4355 28
721 4299 899 4370 pontificiam]
920 4299 1094 4369 priuilegium
1112 4299 1188 4371 O'dc

126 4392 267 4464 eraeqnid
362 4394 516 4449 sinissetO

176 4495 258 4552 XIII.
295 4513 355 4556 oue.
371 4519 390 4556 a.
1120 4499 1154 4552 42
