3092 4967
243 445 287 513 26
634 445 802 500 Iohannis
828 444 986 501 Cassiani

243 634 346 699 cordis
376 634 410 700 in
432 635 546 701 nostris
568 636 709 702 sensibus
732 636 886 719 emuntur,
916 633 1031 718 quibus
1060 636 1137 701 deus
1167 635 1220 701 uel
1244 638 1372 703 uidetur

244 738 368 803 mundis
398 738 558 805 obtutibus
585 740 637 805 nel
658 740 795 806 tenetur.
834 756 911 821 quas
933 738 1070 821 profecto
1091 737 1200 804 nnllns
1222 743 1370 823 perpetuo

243 839 423 923 retentabit,
457 843 489 906 in
520 860 579 924 quo
609 842 710 909 adhuc
738 841 857 925 aliquid
887 842 1058 907 cernelium
1086 841 1171 908 uiuit
1191 841 1370 925 affectuum,

245 944 319 1027 quia
347 961 419 1011 non
448 946 616 1027 poteris,
646 944 875 1028 sitdominus,
906 944 1046 1011 uidero
1066 945 1210 1010 faciem
1230 962 1370 1011 meam:

244 1065 318 1113 non
348 1049 448 1113 enirn
479 1048 636 1115 uidebit
663 1067 720 1115 me
750 1048 861 1113 homo
883 1052 920 1113 et
941 1047 1066 1127 uiuet,
1100 1047 1224 1114 scilicet
1255 1050 1414 1115 mundos

243 1152 318 1219 hnic
339 1153 562 1235 effectibusque
584 1153 726 1218 terrenis.

285 1275 371 1341 XVI.
410 1292 610 1341 conuersus:
644 1274 723 1354 Quid
757 1290 832 1358 ergo
864 1274 911 1339 est
940 1273 1021 1355 qood
1052 1274 1149 1339 etiam
1178 1271 1370 1352 nolentibus,

243 1379 340 1445 immo
361 1396 436 1445 uero
459 1380 552 1444 etiam
577 1376 790 1443 nescientibus
812 1376 901 1442 uobis
916 1375 963 1441 ita
978 1376 1151 1460 superfluae
1166 1375 1371 1460 cogitationes

243 1480 404 1548 subtiliter
432 1500 468 1547 ac
496 1482 631 1546 latenter
660 1482 818 1563 inrepunt,
853 1480 891 1544 nt
919 1497 980 1544 non
1007 1482 1108 1546 solum
1131 1499 1183 1546 cas
1207 1482 1370 1562 expellere,

243 1602 351 1649 uerum
374 1586 468 1650 etiam
491 1584 675 1667 intellegere
697 1602 735 1650 ao
757 1582 984 1667 deprehendere
1013 1582 1210 1649 difficultatis
1234 1583 1414 1650 inmodi·1u

244 1706 298 1753 cae
321 1688 387 1752 sit?
421 1689 526 1768 potest
549 1706 622 1769 ergo
644 1706 732 1752 mens
756 1687 922 1769 aliqnando
946 1686 1078 1752 abistis
1098 1706 1198 1753 uacua
1220 1686 1372 1769 repperiri

243 1791 276 1856 et
297 1808 469 1873 numquam
492 1789 705 1855 huiuscemodi
728 1788 938 1855 inlusionibus
960 1789 1134 1855 incursari?

286 1926 389 1993 XVII.
422 1944 568 1993 mouens:
603 1928 743 1993 Mentem
775 1928 901 2010 quidem
923 1946 983 1993 non
1006 1927 1202 2011 interpellari
1224 1926 1371 2012 cogitati-

243 2030 353 2096 onibus
382 2029 566 2113 inpossibile
597 2034 653 2113 est,
684 2032 839 2113 suscipere
861 2051 935 2098 uero
958 2050 1009 2097 eas
1032 2032 1099 2097 siue
1121 2050 1265 2116 respuere
1286 2032 1371 2096 omni

243 2136 381 2200 studenti
404 2136 549 2219 possibile
572 2138 627 2201 est.
662 2135 923 2219 quemadmodum
946 2135 1046 2219 igitur
1068 2135 1155 2200 ortus
1178 2154 1287 2200 earum
1308 2152 1414 2200 nonne

244 2238 428 2303 omnimodis
451 2239 565 2323 pendet
587 2258 606 2304 a
627 2238 727 2324 nobis,
754 2238 800 2303 ita
822 2239 998 2323 reprobatio
1020 2240 1071 2303 uel
1093 2237 1203 2303 electio
1227 2236 1373 2303 consistit

242 2342 274 2406 in
306 2341 405 2407 nobis.
444 2362 501 2408 nec
537 2343 643 2408 temen
675 2362 711 2407 ex
740 2361 774 2407 eo
809 2342 890 2424 quod
923 2342 1057 2407 diximus
1091 2341 1271 2425 inpossibile
1304 2360 1373 2406 esse

242 2450 380 2511 mentem
403 2442 645 2529 cogitationibus
667 2464 729 2510 non
753 2446 843 2525 adiri,
870 2448 971 2512 totum
995 2446 1047 2511 nel
1070 2443 1209 2511 incursui
1231 2444 1283 2509 uel
1305 2444 1372 2510 illis

242 2548 404 2630 spiritibus
438 2546 641 2615 tribuendum
676 2552 724 2613 ost
757 2547 811 2631 qui
845 2567 896 2614 ces
927 2549 1017 2615 nobis
1051 2549 1197 2613 nituntur
1218 2549 1369 2633 ingerere.

244 2651 380 2736 alioquin
413 2670 471 2717 nec
504 2652 638 2718 liborum
670 2654 702 2719 in
736 2653 861 2719 homine
893 2655 1034 2717 maneret
1061 2651 1224 2717 arbitrium
1254 2669 1310 2717 neo
1337 2654 1412 2717 ineo

212 2754 330 2822 inobis
360 2758 459 2821 steret
490 2760 613 2823 nostrae
643 2756 843 2823 correctionis
869 2756 1035 2821 industria.
1072 2756 1126 2820 sed
1149 2759 1206 2834 est,
1230 2754 1371 2837 inquam,

243 2860 383 2924 nostrum
405 2874 519 2941 magne
540 2878 576 2925 ex
599 2863 696 2945 parte,
719 2864 756 2926 ut
778 2859 1000 2945 cogitationum
1031 2858 1164 2943 qualitas
1186 2858 1371 2923 emendetur

243 2965 276 3027 et
305 2963 356 3027 uel
387 2963 512 3028 sanotae
535 2980 572 3028 ac
594 2964 750 3047 spiritales
781 2963 814 3027 in
844 2962 986 3028 cordibus
1015 2962 1130 3027 nostris
1156 2961 1209 3026 nel
1229 2962 1371 3027 terrenae

242 3066 441 3149 carnalesque
464 3067 671 3133 concrescant.
697 3067 767 3133 ideo
791 3085 926 3150 namque
948 3065 1096 3148 frequens
1117 3062 1212 3129 lectio
1234 3068 1265 3129 et
1287 3064 1370 3149 iugis

243 3168 410 3234 adhibetur
439 3170 602 3235 meditatio
632 3171 867 3256 scripturarum,
897 3176 934 3235 ut
963 3169 1072 3235 exinde
1103 3168 1191 3233 nobis
1218 3166 1411 3252 spiritalisre

242 3272 410 3337 memoriae
439 3272 625 3355 praebeatur
653 3274 784 3353 occasio,
815 3270 931 3339 idcirco
954 3273 1130 3339 decantatio
1152 3270 1260 3337 erebra
1283 3268 1369 3354 psal·

242 3392 373 3457 morum,
395 3378 431 3440 ut
449 3374 580 3441 adsidua
594 3374 683 3441 nobis
699 3376 808 3441 exinde
823 3378 1006 3460 conpunctio
1021 3374 1230 3456 ministretur,
1249 3374 1367 3440 idcirco

242 3478 424 3559 uigiliarum
447 3494 483 3542 ac
505 3476 692 3544 ieiuniorum
713 3481 950 3562 orationumque
967 3477 1118 3544 sedulitas
1135 3476 1308 3558 adhibetur,
1332 3482 1369 3543 ut

242 3583 409 3645 extenuata
430 3598 518 3646 mens
540 3599 601 3647 non
624 3581 750 3647 terrena
764 3582 877 3665 sapiet,
901 3582 954 3648 sed
970 3580 1117 3647 caelestia
1132 3582 1369 3663 contempletur.

243 3682 356 3765 quibus
386 3702 510 3750 rursum
541 3686 739 3770 neglegentia
768 3688 926 3769 inrepente
956 3683 1152 3751 cessantibus
1175 3700 1297 3749 necesse
1320 3688 1412 3750 estse

345 3867 426 3922 4131.
446 3868 488 3935 33,
506 3868 541 3924 20

292 4038 310 4092 2
332 4036 472 4108 optutibus
492 4040 532 4097 W
632 4040 649 4094 3
667 4034 792 4095 aflectum
809 4038 849 4094 D¹
953 4040 1066 4111 iquod]
1085 4055 1138 4109 quo
1156 4038 1186 4094 D
1288 4038 1305 4091 9
1327 4051 1371 4092 ex·

241 4123 311 4194 pelle
329 4123 368 4178 D¹
472 4123 506 4178 10
527 4123 703 4179 difficultates
724 4124 772 4182 W²
876 4125 909 4181 13
932 4141 1016 4179 moses
1038 4124 1114 4180 WX¹
1218 4124 1253 4179 14
1272 4124 1372 4193 inposi-

241 4207 296 4263 bile
319 4208 350 4265 D
453 4210 486 4264 16
512 4208 665 4278 reprobatio
687 4210 729 4265 X:
758 4210 881 4280 probatio
904 4207 1004 4268 owe:
1033 4210 1302 4278 cfiIl,10,2fin-

241 4294 276 4351 18
293 4295 369 4350 illins
386 4295 432 4349 W¹
534 4295 568 4352 23
587 4294 719 4365 spiritalis
736 4296 783 4353 W*
886 4297 921 4352 24
944 4296 1109 4366 carnalisque
1126 4296 1166 4351 D¹
1270 4296 1304 4351 25
1321 4294 1372 4350 ab·-

241 4381 351 4436 hibetur
366 4380 398 4435 D
499 4382 633 4451 spiritales
650 4382 692 4438 1)·
795 4384 828 4437 li
848 4382 992 4453 conpuncio
1008 4383 1039 4438 D
