3092 4967
292 464 356 531 448
685 461 849 516 Iohannis
868 461 1022 516 Cassiani

293 652 386 719 iallat
414 653 537 730 inlusio,
565 651 708 717 elationis
737 652 845 716 tumen
867 651 899 716 et
920 650 1083 732 superbiae
1110 653 1271 736 grauiores
1293 653 1413 736 lsqums

293 775 355 822 nou
379 759 499 822 euadat.
538 758 607 838 quis
629 755 714 821 euim
742 755 802 821 hoc
824 754 885 820 sibi
908 755 1027 837 absque
1048 757 1168 839 ingenti
1189 755 1306 838 poterit
1327 773 1414 821 usur·

292 878 366 943 pare
395 860 539 941 pernicie,
571 877 642 924 oum
673 876 727 924 uas
757 859 928 943 electionis,
959 859 994 924 in
1024 876 1083 942 quo
1116 857 1267 937 Christus,
1294 859 1332 924 ut
1353 861 1414 942 ipse

292 961 449 1046 professus
486 965 543 1042 cst,
586 963 782 1045 loquebatur,
823 963 862 1029 ob
899 962 957 1028 boe
994 963 1188 1029 solummodo
1225 982 1259 1028 se
1295 963 1416 1029 adserat

292 1063 544 1150 Hierosolymam
566 1067 790 1150 conscendisse,
814 1069 851 1131 ut
874 1084 945 1132 eum
972 1065 1038 1131 suis
1060 1065 1242 1149 coapostolis
1257 1065 1445 1148 euangelia

291 1189 356 1247 nm,
380 1169 462 1254 quod
477 1168 624 1254 gentibus
639 1169 801 1235 reuelante
817 1171 850 1234 ot
866 1173 1050 1252 cooperante
1068 1170 1192 1234 domiuo
1208 1167 1414 1252 praedicabat,

292 1275 413 1337 secreta
434 1271 661 1340 examinatione
683 1273 860 1338 conferret?
886 1292 942 1356 per
958 1273 1039 1356 quod
1053 1273 1226 1338 ostenditur
1240 1291 1301 1338 nou
1317 1272 1415 1338 solnm

291 1375 548 1441 unianimitatem
577 1375 670 1458 atque
701 1378 896 1442 concordiam
925 1396 980 1458 per
1002 1377 1079 1441 hace
1101 1377 1267 1458 praecepta
1287 1376 1415 1450 seruari,

292 1498 402 1544 uerum
424 1479 521 1544 etiam
544 1479 671 1544 cunetas
687 1478 804 1543 diaboli
820 1479 1015 1545 aduersantis
1031 1478 1164 1544 insidias
1180 1478 1212 1544 et
1226 1477 1417 1545 inlusiouum

292 1583 358 1648 eius
381 1584 509 1665 laqueos
532 1600 592 1647 uou
618 1582 733 1647 timeri.
1426 1601 1446 1642 a

335 1703 425 1768 XIII.
449 1702 591 1785 Denique
613 1703 648 1767 iu
671 1703 797 1768 tautum
820 1702 922 1767 uirtus
947 1703 1088 1767 caritatis
1105 1702 1276 1783 extollitur,
1299 1705 1338 1766 ut
1352 1719 1417 1766 ean

291 1805 404 1871 beatus
428 1805 584 1872 Iohannes
606 1803 764 1888 apostolus
788 1823 850 1870 nou
872 1805 975 1870 solum
990 1824 1056 1870 rem
1072 1805 1130 1883 dei,
1146 1804 1313 1870 sedetiam
1329 1805 1419 1869 doum

292 1928 359 1975 ossa
380 1910 565 1990 pronuntiet
587 1909 711 1973 dicens:
741 1909 836 1974 deus
867 1907 1021 1973 caritas
1044 1911 1118 1972 est:
1141 1907 1206 1990 qui
1228 1908 1361 1972 manet
1382 1901 1418 1970 ib

292 2012 482 2091 caritate,
511 2013 552 2077 iu
581 2013 648 2077 deo
678 2012 813 2078 manet
842 2012 880 2076 et
909 2011 1006 2076 deus
1028 2009 1188 2093 inipso.
1225 2028 1298 2075 uam
1322 2027 1417 2092 usque

292 2117 367 2181 adeo
389 2116 480 2181 illam
501 2115 641 2181 diuinam
666 2133 734 2181 esse
754 2114 974 2198 perspicimus,
998 2113 1138 2179 utillud
1161 2113 1295 2195 apostoli
1318 2115 1446 2178 mam-s

293 2217 464 2284 laetissime
486 2219 593 2302 uigere
614 2217 785 2284 sentiamus
801 2217 835 2282 iu
850 2218 954 2284 uobis:
977 2217 1165 2299 quoniam
1187 2216 1335 2282 caritas
1358 2215 1418 2279 dei

291 2321 447 2388 diffusa
476 2321 536 2386 est
564 2321 604 2385 in
626 2321 812 2386 cordibus
839 2320 989 2386 uostris
1011 2339 1079 2404 por
1101 2320 1292 2402 spiritum
1315 2337 1418 2384 sano-

291 2429 372 2491 tum
403 2425 469 2507 qui
498 2424 660 2489 habitat
689 2425 728 2488 iu
759 2421 882 2489 uobis.
919 2422 1000 2507 quod
1035 2423 1100 2488 tale
1138 2423 1185 2487 est
1221 2423 1286 2487 acsi
1319 2423 1417 2488 dicat:

291 2528 438 2610 quoniam
469 2529 544 2592 deus
573 2526 704 2593 diffusus
734 2527 782 2592 est
810 2525 843 2590 iu
860 2525 1015 2592 'cordibus
1045 2526 1159 2591 nostris
1188 2543 1244 2607 per
1273 2523 1418 2608 spiritum

291 2631 436 2696 sanctum
458 2631 512 2714 qui
534 2631 658 2697 habitat
678 2629 713 2695 iu
734 2630 834 2695 uobis.
870 2629 924 2714 qui
940 2629 1046 2714 etiam,
1063 2647 1136 2694 cum
1149 2628 1331 2713 ignoremus
1345 2625 1446 2710 quida

291 2733 457 2799 debeamus
501 2752 599 2815 orare,
647 2732 895 2817 interpellat
937 2751 1004 2816 pro
1048 2731 1158 2798 nobis
1203 2730 1418 2814 gemitibus

290 2835 656 2903 inenarrabilibus:
686 2837 753 2919 qui
784 2837 912 2902 autem
943 2837 1152 2902 scrutatur
1182 2836 1315 2914 corda,
1344 2833 1419 2898 seit

291 2938 386 3022 quid
407 2939 612 3005 desideret
640 2938 826 3022 spiritus,
855 2939 1036 3022 quoniam
1066 2939 1280 3005 secuudum
1311 2937 1419 3002 deum

290 3042 473 3126 postulat
494 3061 562 3124 pro
584 3041 749 3107 sanetis.

332 3163 441 3232 XIIII.
465 3165 559 3230 Illam
582 3165 679 3248 igitur
701 3163 878 3244 caritatem,
895 3181 972 3246 quae
988 3163 1103 3229 dicitur
1125 3153 1247 3250 ἀγάπη,
1271 3159 1448 3245 possibiles

290 3271 340 3333 ost
368 3269 512 3335 omuibus
542 3267 689 3333 exhiberi.
727 3269 765 3332 de
796 3285 857 3350 qua
885 3267 996 3334 beatus
1027 3266 1186 3350 apostolus
1216 3283 1308 3350 crgo
1333 3265 1418 3330 dum

289 3374 446 3454 tempus
477 3371 678 3450 habemus,
709 3370 823 3453 iuquit,
848 3388 1049 3453 operemur
1072 3369 1173 3453 quod
1195 3369 1340 3434 bouum
1362 3367 1419 3432 est

290 3473 337 3538 ad
374 3493 525 3553 omues,
561 3473 727 3540 maxime
772 3476 904 3539 autem
941 3475 984 3538 ad
1023 3472 1266 3540 domesticos
1311 3469 1416 3536 fidei.

290 3593 370 3659 quaa
399 3576 433 3641 iu
462 3577 588 3641 mutum
616 3576 759 3642 omuibus
789 3577 836 3642 cst
865 3576 1052 3660 generaliter
1085 3575 1268 3654 exhibenda,
1291 3577 1331 3639 ut
1352 3590 1417 3640 eam

390 3775 667 3845 sef.llcor.13‚3
758 3779 829 3833 sel.
843 3779 903 3835 Gal.
922 3779 947 3846 2,
961 3779 1030 3834 1-2
1126 3777 1353 3842 lenensis

290 3862 324 3916 le
341 3862 417 3917 Rom
435 3865 496 3930 ab
597 3865 630 3920 21
649 3865 724 3919 Rom.
742 3865 768 3932 8,
786 3865 888 3919 als-2⁷
991 3863 1148 3932 assate,
1168 3864 1202 3920 10

342 4049 456 4104 liullit
479 4049 505 4102 0
607 4065 704 4120 graues
728 4054 753 4104 Y
852 4051 870 4107 5
892 4051 1096 4108 hierusolimam
1119 4051 1151 4104 H
1177 4049 1419 4106 hierosolimsm'l'

290 4133 489 4189 iherosolimam
518 4137 544 4189 0
645 4137 663 4192 8
688 4136 907 4192 unianimitatem
931 4139 1014 4190 le
1045 4137 1166 4192 uuauim.
1188 4137 1257 4190 W
1285 4135 1418 4192 unanimi·

289 4221 391 4275 tnteO
483 4221 716 4278 ltiohannisw
809 4223 1045 4293 lbetquiYOo
1134 4221 1412 4292 18quodtalo.....
1525 4263 1526 4298 ,

290 4305 580 4363 20iunobisoaa‘l'
668 4309 976 4380 ibaoada'sta'npaa'tt'
1058 4308 1233 4365 IuillamlI
1315 4321 1416 4364 arum
1525 4345 1526 4348 =

289 4391 316 4440 Y
416 4392 451 4449 26
474 4395 509 4449 ab
532 4393 658 4449 omnibus
680 4395 706 4448 0
810 4395 930 4450 exhibere
953 4396 997 4451 Po
1099 4393 1351 4464 aunemundo
