3092 4967
295 404 358 469 394
685 402 848 457 Iohannis
870 400 1025 457 Cassiani

294 591 408 657 iudicia
426 594 458 657 et
480 591 680 673 nestIgabiIes
704 594 769 658 uias
793 592 861 658 eins
887 592 1016 675 proiana
1037 594 1254 675 pronuntiabit
1276 593 1413 657 audacia.

262 696 374 760 dhanc
396 696 494 777 igitur
515 696 782 777 dispensatIonem·
801 698 895 779 atque
922 714 1062 761 amorem
1084 714 1186 771 sunm,
1210 714 1303 778 quem
1325 696 1414 760 noble

293 798 428 863 tribuere
461 799 605 863 dominns
642 798 799 865 indefessa
833 800 953 881 pietate
989 799 1145 881 dignatur,
1183 800 1292 863 nolens
1328 799 1414 864 motu

294 900 446 965 humanae
474 900 647 967 affectionis
676 903 848 985 exprimere
875 921 932 967 nec
957 904 1120 985 inueniens
1141 904 1172 968 in
1196 901 1255 966 bac
1277 904 1416 967 creatura

294 1004 391 1068 talem
420 1002 561 1068 caritatis
589 1003 747 1081 affectum,
776 1004 827 1069 oni
855 1024 926 1071 eom
956 1022 1124 1088 conparare
1155 1004 1280 1088 dignius
1302 1006 1446 1087 possets

295 1107 470 1172 tenerrimis
492 1107 562 1189 plae
585 1109 694 1171 matris
712 1106 886 1173 uisceribns
902 1110 1092 1191 conparauit.
1128 1111 1161 1172 et
1175 1108 1278 1172 utitur
1292 1106 1414 1190 qnidam

294 1209 353 1274 hoc
375 1209 526 1291 exemplo,
551 1210 625 1291 qula
646 1210 747 1273 carius
771 1209 857 1274 alind
879 1210 913 1274 in
930 1210 1294 1275 naturahominnmnon
1314 1209 1415 1291 potest

293 1312 442 1389 inueniri,
465 1312 585 1377 dicens:
608 1312 793 1396 numquid
816 1313 1008 1379 obliuisci
1037 1314 1175 1395 potest
1197 1314 1342 1379 mulier
1364 1314 1414 1376 in·

293 1415 436 1480 fantem
470 1434 594 1492 snum,
627 1420 670 1482 nt
701 1433 774 1481 non
804 1419 1042 1482 misereatur
1075 1416 1167 1482 filio
1200 1416 1306 1481 uteri
1337 1414 1415 1479 sni?

293 1520 348 1584 sed
371 1537 431 1584 non
454 1523 619 1585 contentos
642 1519 700 1585 hac
727 1502 947 1601 conparation'e
961 1518 1154 1585 transcendit
1168 1536 1237 1584 eam
1253 1518 1415 1585 confestim
1423 1543 1445 1583 o

292 1626 387 1705 atque
420 1622 582 1705 subiungit
615 1624 736 1689 diceus:
769 1628 809 1687 et
841 1623 874 1687 si
906 1623 980 1689 illa
1009 1623 1140 1689 oblita
1169 1622 1314 1699 fuerit,
1349 1637 1415 1703 ego

294 1730 424 1792 antem
446 1744 518 1790 non
540 1726 766 1792 obliuiscar
788 1729 856 1792 tni.

337 1846 455 1911 XVIII.
480 1846 538 1909 Per
561 1846 641 1927 quod
665 1846 802 1911 euidenti
825 1847 944 1911 ratione
966 1845 1128 1930 colligitur
1149 1844 1190 1910 ab
1212 1846 1260 1910 his
1283 1845 1416 1926 quinon

294 1949 475 2030 loquacibus
497 1948 609 2025 uerbis,
633 1948 685 2013 sed
707 1950 895 2031 experientia
918 1948 995 2014 duce
1016 1949 1067 2013 nel
1082 1947 1334 2031 magnitudinem
1349 1964 1415 2029 gra·

294 2052 357 2116 tine
379 2052 429 2117 uel
451 2052 612 2116 modulum
628 2052 754 2117 hnmani
769 2053 944 2118 metiuntur
959 2052 1090 2132 arbitrii,
1113 2052 1207 2134 qula
1228 2070 1301 2117 non
1325 2049 1443 2117 leni-rr

294 2156 363 2219 bus
387 2172 539 2232 cursus,
563 2174 631 2219 nec
652 2154 826 2221 fortibus
849 2156 1059 2241 proelium,
1082 2174 1148 2220 nec
1169 2152 1414 2237 sapientibus

294 2259 422 2339 panis,
440 2276 507 2321 nec
524 2258 787 2338 prudentibus
806 2258 992 2337 diuitiae,
1008 2277 1076 2323 neo
1093 2258 1320 2323 scientibus
1338 2274 1414 2341 gra·

294 2364 364 2441 tia,
389 2359 451 2425 scd
475 2361 661 2442 operatur
679 2361 770 2425 haec
789 2361 916 2426 omnia
933 2379 1031 2425 nnus
1047 2361 1162 2442 atque
1184 2360 1288 2425 idem
1305 2360 1414 2442 spiri·

264 2459 370 2542 itus,
394 2462 577 2528 diuidens
599 2464 814 2547 unIcuiqne
837 2465 953 2546 prout
974 2463 1071 2528 uult.
1098 2465 1131 2528 et
1152 2463 1267 2527 idcirco
1284 2462 1413 2528 iidenon

295 2566 388 2631 dubia
405 2568 437 2630 et
452 2568 489 2629 nt
504 2567 549 2630 ita
564 2566 663 2631 dicam
674 2565 829 2649 ‘palpabili
845 2566 1032 2649 experientia
1046 2564 1255 2648 conprobatur
1269 2564 1442 2629 uniuersi-rc
1512 2627 1513 2636 ,

293 2669 370 2733 table
394 2668 485 2733 deum
501 2668 589 2732 uelut
603 2670 778 2762 piissimum
795 2670 914 2752 patrem
930 2668 1249 2752 benignissimumque
1265 2668 1413 2733 medicum
1496 2664 1499 2668 ’

294 2771 464 2835 secondum
487 2770 663 2853 apostolum
686 2772 897 2837 indifferenter
919 2773 1022 2837 omnia
1044 2772 1077 2834 in
1093 2769 1238 2835 omnibns
1254 2772 1371 2853 operari
1384 2772 1414 2833 et

293 2889 377 2937 nuno
399 2874 522 2956 quidem
546 2875 657 2939 salutis
679 2876 829 2959 inspirare
850 2875 1008 2958 principia
1029 2875 1062 2938 et
1091 2874 1228 2938 luserere
1254 2874 1414 2955 nnIcquno

395 3051 577 3119 asscito,
608 3054 640 3108 15
744 3055 775 3108 11
800 3054 818 3108 1.
843 3069 865 3107 c.
967 3054 1002 3108 15
1027 3052 1127 3107 Euclea
1152 3053 1178 3117 9,
1203 3052 1351 3119 nrm)

295 3136 549 3203 181001.12,11

344 3302 359 3353 1
386 3299 593 3370 inuestigabiles
619 3301 660 3353 11²
760 3306 825 3369 post
847 3302 960 3356 andacia
981 3300 1093 3356 oddoni
1115 3300 1237 3355 H'I'Oo:
1271 3300 1328 3370 ipso
1353 3313 1412 3368 qno·

293 3401 343 3455 que
373 3386 479 3440 domino
508 3387 573 3441 haec
600 3388 634 3441 ad
665 3402 707 3440 eos
738 3386 779 3441 ita
807 3388 939 3441 testante:
971 3402 1037 3441 non
1068 3388 1153 3441 enim
1184 3387 1411 3455 cogitationes

293 3488 382 3526 meae
405 3473 645 3542 cogitationes
668 3477 819 3538 nestrae,
842 3488 947 3542 nequa
970 3474 1046 3527 uiae
1068 3476 1209 3526 nestrae
1231 3474 1308 3526 niae
1331 3484 1410 3524 manc

293 3556 380 3625 (niae
402 3575 489 3612 meae
512 3560 586 3613 uiae
609 3560 722 3613 uestro
745 3558 790 3626 Ο),
820 3559 908 3613 dicit
930 3559 1090 3613 dominns
1117 3559 1197 3629 quia
1219 3560 1312 3612 sicut
1334 3555 1410 3610 exal·
1509 3601 1510 3618 ,

293 3646 413 3697 tantur
439 3645 524 3698 caeli
547 3660 564 3698 a
586 3646 691 3711 terra,
719 3644 769 3698 rio
796 3644 971 3699 exaltatae
998 3648 1079 3699 sunt
1104 3644 1177 3699 niae
1201 3659 1292 3698 mese
1313 3660 1329 3697 a
1349 3641 1410 3695 niis

293 3729 433 3793 nestris,
469 3735 503 3784 et
537 3731 775 3799 cogitationes
809 3746 899 3784 eneae
927 3747 944 3785 a
978 3730 1259 3801 cogitationibus
1292 3728 1410 3783 nestris

293 3816 384 3884 (Esci.
415 3818 456 3881 dd,
483 3820 566 3883 8-9)
596 3816 668 3885 quod
695 3816 852 3885 scripturos
878 3818 1064 3871 testimoniam
1093 3832 1258 3886 wispircon
1284 3816 1332 3870 boo
1357 3814 1410 3867 looo
1508 3803 1509 3828 ²

292 3918 352 3956 aon
374 3902 495 3969 ineptam
519 3916 574 3957 cese
596 3902 715 3970 alamur,
743 3920 801 3958 noo
822 3902 942 3973 quadrat
965 3909 1057 3957 tomen
1077 3902 1200 3971 pluratte
1222 3916 1350 3957 nam
1370 3914 1409 3953 soe

292 3986 441 4040 odiamus
451 3986 588 4057 aepulari
603 3987 792 4055 pronuntiabit
877 3988 1011 4057 bdignns
1030 3988 1058 4039 Σ
1143 3988 1297 4043 Sinnanire
1312 3986 1349 4038 Ii'

292 4072 420 4139 numquit
443 4073 471 4123 Σ
573 4072 590 4126 9
614 4074 697 4127 uteris
720 4074 749 4125 Σ
853 4074 886 4128 10
908 4074 1081 4128 transcendet
1102 4074 1133 4125 Π
1187 4086 1190 4092 ’
1235 4073 1269 4127 lo
1285 4078 1368 4128 anum
1385 4068 1410 4120 Σ
1507 4055 1508 4080 ³

293 4154 418 4228 (dil'dyci
436 4156 519 4224 LXX)
550 4162 640 4213 tamen
658 4158 764 4213 nrov
854 4160 896 4213 tui
914 4160 982 4213 dicIt
998 4159 1123 4214 dominos
1141 4160 1167 4211 i*
1261 4158 1294 4212 13
1310 4150 1409 4210 mm

292 4246 324 4297 ia
348 4258 403 4297 rae.
425 4245 498 4297 m.2
521 4243 546 4297 Ο
648 4244 773 4299 enideute
795 4245 826 4295 Π
927 4246 959 4299 II
984 4245 1088 4313 gratiae
1111 4244 1158 4298 aed
1181 4246 1302 4312 operetur
1322 4241 1352 4293 Π

295 4328 327 4383 19
346 4328 478 4397 unicoque
495 4329 526 4380 Π
626 4330 659 4384 23
677 4331 811 4399 nnicuqne
828 4330 867 4382 11¹
