3092 4967
508 442 672 499 Conistio
695 445 754 513 XX,
773 448 884 501 11-12.
1198 450 1262 517 569

126 632 329 715 obliuionem,
352 636 408 698 aut
429 652 485 717 per
507 634 740 719 cogitationem,
766 638 822 700 aut
845 653 900 717 per
922 654 1107 716 sermonem,
1129 640 1185 702 aut
1206 657 1262 721 per

126 736 354 819 obreptionem,
377 743 433 802 aut
455 756 512 820 per
533 737 762 815 necessitatem,
786 741 843 804 aut
865 758 918 823 per
934 739 1142 824 fragilitatem
1159 741 1261 807 carnis

125 842 158 905 et
189 839 305 905 somnii
335 840 542 924 pollutionem
565 842 698 924 singulis
725 842 834 907 diebus
856 844 909 908 uel
930 844 1025 909 inuiti
1046 844 1099 910 uel
1121 844 1262 910 uolentes

125 944 306 1026 frequenter
335 945 533 1022 incurrimus,
564 962 619 1028 pro
650 945 763 1027 quibus
785 950 819 1011 et
847 946 950 1013 Deuid
978 965 1068 1013 orans
1098 946 1262 1012 dominum

104 1046 377 1131 spurilicationem
401 1051 494 1130 atque
509 1048 742 1132 indulgentiam
757 1050 943 1131 deprecatur
958 1050 1081 1115 deone:
1107 1051 1262 1116 delicta

125 1152 217 1233 quis
248 1152 485 1236 intellegit?
515 1156 562 1218 ab
585 1152 758 1218 occultis
780 1153 877 1217 meis
899 1154 1039 1220 munda
1059 1174 1131 1220 me:
1157 1156 1262 1220 stab

124 1255 277 1319 alienis
299 1273 413 1338 parce
435 1272 547 1320 seruo
570 1260 652 1329 tuo,
676 1259 707 1320 et
730 1256 907 1339 apostolus:
937 1274 1012 1322 non
1034 1258 1140 1322 enim
1162 1260 1262 1340 quod

123 1357 219 1423 uolo
250 1358 354 1423 facio
385 1358 540 1437 bonum,
572 1360 640 1424 sed
662 1360 764 1441 qnod
786 1360 875 1425 nolo
897 1361 1057 1437 malum,
1080 1360 1150 1426 hoc
1172 1379 1260 1444 ego,

124 1466 157 1526 et
180 1479 239 1543 pro
262 1462 373 1543 quibus
401 1461 485 1528 idem
507 1463 603 1529 etiam
618 1463 760 1529 heiulans
777 1464 1002 1545 proclamauit:
1025 1462 1172 1529 infelix
1193 1482 1261 1547 ego

91 1565 258 1631 rohomo:
281 1566 369 1650 quis
392 1584 449 1631 me
471 1565 671 1632 liberabit
693 1566 738 1631 de
761 1584 923 1650 corpore
953 1568 1098 1631 mortis
1121 1567 1261 1632 huiusi

125 1670 223 1733 tanta
245 1670 329 1734 enim
350 1670 384 1734 in
406 1669 456 1735 bis
471 1669 627 1735 facilitate
642 1673 806 1751 tamquam
822 1670 959 1735 naturali
973 1670 1044 1754 lege
1058 1670 1290 1752 prolabimur,3

124 1776 172 1850 ut,
198 1772 397 1853 quantalibet
420 1772 696 1855 circumspectione
715 1775 808 1854 atque
830 1773 974 1838 custodia
995 1774 1176 1849 caueantur,
1198 1790 1260 1838 non

125 1876 255 1957 possint
284 1876 323 1940 ad
346 1876 475 1959 plenum
498 1878 559 1941 iste
581 1876 688 1941 uitari.
726 1877 764 1941 de
787 1876 858 1941 istis
883 1875 1039 1960 siqnidem
1061 1894 1143 1940 unus
1165 1876 1260 1941 disci·

125 1980 287 2060 pulcrum,
310 1998 403 2061 quem
426 1979 577 2063 diligebat
599 1980 699 2058 Iesus,
721 1982 857 2061 abrupta
878 1979 1060 2045 delinitione
1076 1979 1261 2061 pronuntiat

93 2082 250 2147 redicens:
283 2083 317 2146 si
348 2084 564 2147 dixerimus
594 2083 687 2166 quis
716 2087 921 2165 peccatum
952 2102 1027 2148 non
1054 2083 1259 2159 babemus,
1379 2140 1383 2155 ‚

125 2184 204 2268 ipsi
227 2202 296 2249 nos
319 2186 543 2251 seducimus
567 2188 605 2251 et
626 2189 789 2252 uerbum
811 2187 898 2252 eius
921 2187 1257 2252 nonestinnobis.

125 2288 260 2372 proinde
293 2288 492 2371 perfectionis
526 2290 650 2355 culmen
682 2290 859 2373 pertingere
888 2290 1028 2374 cupienti
1056 2308 1116 2354 non
1146 2306 1259 2373 megae

124 2393 270 2475 proderit
300 2395 338 2458 ad
368 2392 462 2457 finem
492 2394 704 2477 paenitentiae
734 2396 923 2477 peruenisse,
946 2393 978 2459 id
1000 2396 1048 2458 est
1069 2394 1108 2458 eb
1129 2392 1259 2457 inlicitis

126 2498 313 2577 temperare,
335 2496 397 2561 nisi
419 2496 516 2562 etiam
539 2496 572 2560 in
594 2496 660 2561 illis
683 2496 856 2563 uirtutibus
878 2497 1033 2561 indefesso
1049 2513 1142 2560 cursu
1159 2498 1259 2560 semet

91 2602 232 2683 scipsum
268 2617 390 2682 semper
431 2599 613 2684 extenderit,
654 2600 764 2683 quibus
800 2601 841 2665 ad
883 2600 1104 2665 satisfactionis
1139 2598 1258 2663 indicia

125 2703 319 2785 peruenitur.
363 2721 421 2768 nec
457 2704 541 2768 enim
578 2722 597 2768 a
629 2702 755 2769 faetidis
793 2703 960 2769 criminum
1000 2702 1142 2768 sordibus
1178 2709 1287 2784 quael

126 2808 276 2872 abhorret
303 2807 448 2872 dominus
477 2825 665 2890 quemquam
695 2808 887 2873 abstinuisse
908 2806 1054 2888 sufficiet,
1076 2805 1137 2871 nisi
1160 2806 1257 2871 etiem

124 2910 218 2975 illam
240 2909 353 2975 bonam
374 2909 532 2975 uirtutum
553 2910 771 2993 fragrantiam,
802 2929 864 2993 qua
896 2910 1040 2976 domiuus
1073 2909 1256 2990 delectatur,

123 3014 264 3096 puritate
293 3014 393 3079 cordis
421 3015 453 3079 et
480 3016 666 3097 apostolicae
689 3015 831 3081 caritatis
857 3014 1048 3097 perfectione
1069 3013 1254 3095 possederit.

92 3154 116 3195 a
167 3134 242 3199 Huc
264 3152 361 3216 usque
383 3134 479 3201 abbas
505 3135 647 3200 Pinulius
670 3137 708 3201 de
730 3136 954 3202 satisfactionis
968 3135 1084 3199 indicio
1099 3151 1135 3199 ac
1149 3134 1255 3216 poeni-

125 3236 243 3302 tentae
274 3236 335 3303 fine
364 3238 520 3305 disseruit.
559 3240 613 3322 qni
642 3240 716 3305 licet
745 3245 782 3305 ut
807 3244 839 3306 in
861 3242 928 3306 eius
951 3240 1098 3305 coenobio
1121 3237 1255 3303 residere

228 3463 499 3529 st.18,13-14
604 3465 720 3523 iidem.
745 3467 822 3533 ’1,19
924 3470 1025 3524 eso.
1047 3468 1082 3523 24
1186 3468 1255 3523 151

122 3548 182 3603 Ioh.
201 3552 225 3614 1,
242 3550 260 3605 8
277 3552 306 3604 et
323 3549 357 3603 10

177 3764 191 3817 1
211 3764 261 3817 sut
277 3778 325 3833 per
342 3764 537 3833 cogitationem
554 3765 603 3819 aut
622 3780 671 3833 per
688 3780 839 3820 sermonem
856 3782 908 3822 oso.
927 3766 994 3822 BF:
1020 3768 1055 3834 of.
1068 3766 1173 3831 XXII,
1190 3771 1216 3833 7,
1228 3772 1255 3822 2.

124 3848 182 3914 XI,
197 3852 255 3913 9,6
325 3848 357 3917 ¹3
375 3852 403 3903 et
421 3850 519 3904 somnii
536 3849 714 3919 pollutionem
733 3866 784 3905 osu.
801 3850 842 3920 βυ
926 3853 944 3907 5
961 3851 1047 3923 adque
1064 3852 1095 3907 F
1178 3853 1195 3907 6
1212 3868 1256 3908 me

123 3936 256 4007 cipeto
325 3952 544 4007 annuissem:
566 3934 719 4022 ‘estnec
732 3959 815 4027 eae.)
829 3957 852 4012 o
868 3957 1043 4013 erurmreu
1114 3958 1255 4014 roronem-

123 4038 167 4093 uit
183 4036 289 4091 ΜΨ
376 4038 407 4092 11
427 4036 456 4091 in
470 4037 514 4091 his
531 4053 582 4093 om.
600 4038 631 4093 F
713 4040 747 4095 12
765 4041 911 4096 cebeantnr
928 4041 994 4098 ΡΟ
1079 4044 1113 4098 16
1129 4046 1159 4097 iu
1176 4043 1255 4098 nobis

123 4123 232 4177 nonest
249 4122 286 4176 Ζι
373 4125 405 4178 17
423 4124 601 4195 megneBO:
627 4130 874 4195 magnemaerao)
892 4125 924 4180 F
946 4130 1014 4183 sads
1031 4129 1072 4198 βυ
1158 4128 1254 4198 iliad]

123 4209 157 4263 ad
175 4209 205 4263 in
222 4208 251 4264 B
354 4208 386 4264 21
407 4210 499 4265 fetidis
517 4212 586 4266 BF:
614 4212 866 4281 ie(ioa-)tidiaeimis
888 4215 956 4286 Οβυ
1057 4216 1092 4270 23
1109 4215 1185 4269 illam
1202 4230 1253 4269 cot

124 4293 182 4349 BF
256 4294 431 4364 mglmtiem
450 4296 534 4352 ΒΕΘ
559 4296 767 4369 flagrantiamd
844 4315 924 4370 quam
941 4299 1039 4356 ΒΜ
1116 4299 1152 4354 m
1169 4302 1254 4369 possi·

125 4382 196 4435 derit
211 4378 308 4435 m
407 4380 442 4436 25
459 4383 642 4454 ρίιιιιρὴίιιιβ
761 4406 763 4411 ’
