3092 4967
301 422 341 489 88
691 424 856 479 Iohannis
874 424 1033 479 Cassiani

267 612 390 695 4quis
412 630 482 676 nou
506 616 564 676 est
586 612 628 676 in
651 610 903 676 fortitudine
930 612 1071 693 potens
1096 614 1167 677 uir.
1204 615 1327 695 oportet
1349 631 1420 696 ergo
1523 609 1524 620 ’

297 734 352 780 nos
381 734 503 796 semper
530 733 600 780 oum
629 715 721 780 beato
750 715 852 779 Dauid
881 734 1003 780 canere:
1033 715 1232 781 fortitude
1262 735 1364 794 mes,
1385 720 1421 781 et

297 818 474 883 laudatio
509 836 592 883 mea
622 835 681 883 non
710 817 845 883 liberum
873 817 1048 896 arbitrium,
1077 819 1131 883 sod
1159 818 1359 885 domiuus:
1385 826 1421 885 et

297 920 427 986 fautus
450 924 508 985 est
531 921 624 986 mihi
647 923 684 986 in
708 920 887 986 salutem.
922 923 1002 1002 quod
1019 921 1125 985 deotor
1141 940 1262 1006 quoque
1278 922 1419 1007 gentium

296 1042 356 1089 non
383 1024 528 1108 ignorans
556 1025 700 1089 idoneum
727 1041 760 1088 se
789 1023 905 1089 laetum
936 1024 1109 1088 ministerio
1132 1025 1205 1090 noui
1238 1026 1451 1091 testamentis

296 1146 355 1192 non
382 1146 437 1192 suo
466 1128 577 1193 merite
606 1146 663 1192 nee
692 1128 813 1211 sudore,
841 1130 894 1192 sed
922 1128 972 1191 dei
998 1128 1207 1211 miseratione,
1231 1129 1418 1211 proclamat:

296 1250 371 1295 non
399 1234 498 1313 quod
527 1234 662 1308 simus,
692 1230 806 1313 inquit,
836 1229 967 1295 idonei
994 1232 1178 1314 cogitare
1199 1231 1357 1315 aliquid
1380 1252 1419 1297 er

296 1332 411 1399 nobis
434 1334 545 1418 quasi
568 1354 587 1399 a
608 1335 736 1417 nobis,
762 1338 827 1400 sed
849 1333 1105 1401 sufficientis
1127 1336 1265 1400 nestra
1286 1353 1329 1399 ex
1352 1337 1418 1400 dee

296 1439 365 1503 est.
403 1438 483 1520 quod
514 1439 618 1503 minus
640 1438 759 1516 Latine,
784 1439 836 1502 sed
860 1437 1033 1519 expressius
1057 1438 1120 1503 diei
1142 1441 1261 1520 potest:
1283 1437 1418 1503 idonitas

295 1542 401 1605 uestra
429 1559 465 1605 ex
495 1541 551 1605 deo
581 1543 637 1605 est.
676 1542 807 1622 denique
834 1539 992 1621 sequitur:
1020 1540 1085 1621 qui
1113 1544 1152 1606 et
1173 1539 1330 1606 idoneos
1352 1558 1450 1609 nesio

294 1643 394 1709 feeit
415 1645 622 1709 ministros
645 1643 736 1708 noui
763 1643 1009 1708 testamenti.

336 1762 420 1827 XVI.
445 1762 484 1826 In
505 1764 630 1827 tantum
651 1766 755 1828 eutem
777 1762 921 1829 uniuersa
943 1783 1023 1847 quae
1045 1764 1084 1829 sd
1107 1764 1241 1828 salutem
1263 1764 1420 1846 pertinent

294 1867 426 1947 apostoli
450 1865 579 1930 sibimet
602 1885 620 1931 a
642 1867 767 1931 domino
791 1865 908 1951 largita
929 1869 1101 1945 senserunt,
1124 1869 1161 1931 ut
1183 1868 1282 1949 ipsam
1298 1884 1418 1949 quoque

294 1968 387 2032 fidem
421 1969 572 2050 praestari
606 1970 666 2034 sibi
695 1989 713 2034 s
741 1970 865 2035 domino
902 1972 1097 2053 postularent
1133 1971 1289 2036 dieentes:
1323 1969 1418 2033 adde

293 2070 405 2135 nobis
428 2072 563 2147 fidem,
587 2071 813 2153 plenitudinem
842 2074 907 2137 eins
930 2090 991 2137 non
1013 2072 1111 2138 libero
1134 2072 1265 2137 arbitrio
1289 2091 1448 2156 praesu-1⁵

293 2178 423 2256 mentes,
447 2178 499 2240 sed
522 2174 572 2239 ‹lei
595 2174 656 2239 sibi
679 2178 836 2241 credentes
866 2196 992 2240 munere
1023 2174 1248 2241 conferendam.
1287 2176 1418 2259 denique

293 2279 381 2344 docet
403 2296 458 2343 nos
481 2278 563 2343 idem
586 2278 692 2345 auctor
713 2278 825 2343 salutis
847 2280 1009 2355 humanae,
1027 2299 1122 2362 quam
1137 2280 1205 2363 ipsa
1219 2278 1296 2344 fides
1311 2284 1418 2345 nostre
1523 2361 1524 2364 Ἴ

292 2383 412 2449 lubrica
433 2382 476 2447 sit
498 2386 529 2447 et
550 2380 676 2448 infirma
698 2385 729 2447 et
752 2402 946 2465 nequequam
970 2384 1029 2448 sibi
1052 2382 1221 2463 sufficiens,
1242 2383 1304 2449 nisi
1325 2383 1418 2449 fuerit

292 2486 405 2552 anxilio
427 2486 544 2552 demini
567 2485 720 2561 roborata,
744 2485 849 2550 dietus
873 2485 912 2550 sd
933 2486 1082 2552 Petrum:
1113 2486 1247 2551 Simon
1271 2484 1416 2564 Simon,

292 2608 380 2654 eene
415 2588 582 2655 Sstsnes
613 2589 812 2671 expetiuit
842 2606 909 2654 uos
939 2594 981 2654 ut
1010 2588 1209 2657 cribraret
1234 2608 1301 2655 uos
1325 2594 1448 2656 tam-so

292 2710 403 2775 quem
437 2692 632 2757 triticum:
664 2693 730 2758 sed
762 2712 830 2776 ego
860 2693 998 2775 rogaui
1028 2697 1181 2776 petrem
1211 2712 1350 2772 meum,
1372 2712 1417 2758 ne

261 2796 490 2864 ‘ldefioeret
523 2797 626 2863 fides
660 2802 736 2863 tue.
774 2802 854 2879 qnod
885 2800 965 2864 alius
996 2800 1028 2864 in
1056 2800 1155 2863 semet
1183 2800 1252 2882 ipso
1278 2798 1415 2864 sentiens

291 2900 357 2965 fieri
380 2904 409 2965 et
432 2901 655 2984 quedammodo
678 2902 770 2967 fidem
793 2920 879 2965 suam
903 2901 1096 2967 infidelitatis
1118 2901 1266 2967 fluctibus
1290 2904 1330 2967 ad
1347 2918 1416 2983 per-

292 3002 401 3069 nieiosi
413 3004 571 3089 naufragii
583 3005 694 3069 uidens
706 3004 848 3086 scopulos
864 3006 1046 3088 perurgueri
1058 3008 1098 3071 ad
1111 3006 1242 3071 eundem
1255 3005 1417 3070 dominum

291 3107 440 3172 auxilium
469 3106 540 3172 fidei
569 3126 642 3172 suae
671 3108 833 3188 postulans
862 3106 951 3172 dicit:
982 3109 1151 3190 domine,
1182 3107 1329 3174 adiuua
1361 3109 1446 3173 in-ss

392 3324 711 3396 irripuemxx)
814 3326 1024 3393 2Ps.117,14
1127 3327 1351 3395 sueones

292 3412 324 3467 10
347 3414 439 3467 loli
544 3414 576 3468 14
599 3415 662 3468 Lus
687 3413 764 3479 17,5
868 3414 901 3468 19
924 3413 988 3471 Luc.
1010 3416 1052 3479 22,
1071 3414 1173 3469 31-32
1277 3414 1311 3469 25
1335 3415 1415 3468 Marc.

290 3498 314 3565 9,
333 3498 367 3553 23

342 3703 355 3756 1
381 3702 571 3758 fortitudinem
595 3702 629 3757 W
730 3704 747 3757 3
772 3708 799 3757 et
822 3710 887 3758 arete
911 3703 999 3759 faetus
1022 3720 1074 3759 em.
1098 3706 1138 3762 W
1237 3706 1308 3760 lin
1330 3706 1416 3761 salute

291 3789 314 3845 0
416 3788 501 3861 lquo
519 3788 560 3843 1)ι
657 3788 753 3859 inquid
769 3789 907 3846 DWPX¹
1009 3790 1114 3859 9quod
1131 3791 1222 3845 minus
1232 3828 1309 3845 .....
1320 3806 1352 3847 ex
1369 3791 1415 3846 dee

289 3876 331 3927 est
349 3889 429 3929 masa
446 3876 478 3928 irs
494 3874 525 3929 D
620 3876 683 3943 pute
701 3875 784 3930 estO
879 3874 999 3929 idenitas
1021 3874 1152 3931 WOPX:
1181 3875 1314 3932 idoneitas
1331 3894 1349 3931 o

290 3961 323 4014 14
341 3962 457 4030 prestans
474 3961 517 4015 1)ι
614 3960 665 4015 dile
678 3959 744 4016 adds
756 3962 818 4026 (mo
829 3961 864 4017 sd
875 3962 907 4015 iss
918 3978 975 4016 ras.
986 3978 1021 4017 m.
1032 3964 1065 4031 2)
1076 3962 1106 4016 D
1133 3962 1240 4017 domine
1251 3979 1349 4033 augeo

290 4080 322 4134 16
339 4054 500 4165 οοιιΐεῐοηὴᾷε
522 4081 559 4137 W
587 4082 746 4136 eonferenda
766 4082 791 4137 0
892 4082 925 4136 17
942 4085 1037 4137 anoton
1053 4080 1125 4137 idem
1142 4083 1173 4137 D
1271 4084 1305 4139 19
1322 4098 1415 4152 symon

288 4198 381 4251 symon
402 4182 467 4239 WP
566 4184 602 4239 20
618 4200 667 4239 nos
685 4190 751 4239 uros
767 4187 800 4239 ut
817 4200 888 4240 eas.
906 4186 937 4239 ie
954 4185 984 4240 D
1082 4186 1215 4240 erebrsrst
1237 4186 1276 4242 W
1301 4184 1415 4241 cribaret
1523 4197 1524 4200 ’

289 4268 311 4324 0
396 4286 443 4325 uos
460 4270 553 4327 om.O
647 4270 681 4325 22
699 4270 819 4325 difieeret
842 4271 879 4327 W
964 4272 1031 4327 elios
1051 4272 1155 4329 W¹OP
1245 4274 1281 4328 24
1298 4274 1414 4343 seopulos

289 4354 351 4412 WO
452 4372 611 4426 perunguere
628 4356 658 4411 D
686 4356 823 4426 perurgeri
841 4356 899 4411 PX
