3092 4967
307 416 371 483 348
699 414 863 469 Iohannis
880 412 1037 470 Cassiani

309 604 413 687 potius
447 603 510 669 uim
546 606 673 669 naturae
701 604 733 667 et
760 605 940 686 extorquere
973 604 1012 668 ab
1039 620 1076 668 ea
1104 602 1307 685 pollutionem
1335 622 1431 687 quam

307 708 377 789 ipsa
400 724 460 770 non
481 707 605 789 ingerit,
628 707 901 788 intemperantiam
923 723 1014 770 suam
1029 706 1068 771 ad
1084 707 1300 772 necessitatem
1316 708 1431 790 carnis,

308 812 403 876 immo
426 812 464 875 ad
487 812 551 874 eius
575 808 715 873 referunt
729 812 910 890 creatorem,
944 808 1084 891 proprias
1106 809 1213 892 culpas
1239 812 1278 875 ad
1299 813 1431 875 naturae

276 912 472 977 3infamiem
506 912 736 978 transferentes.
782 914 819 977 de
852 913 963 993 quibus
995 912 1029 976 in
1042 908 1046 913 ’
1060 912 1239 978 Propertiis
1272 914 1432 995 eleganter

308 1015 509 1098 exprimitur:
545 1013 793 1096 insipientie
830 1014 911 1079 uiri
947 1014 1168 1096 corrumpit
1204 1016 1289 1080 uias
1324 1034 1463 1097 suas,s

308 1118 420 1183 deum
455 1123 583 1184 autem
619 1119 806 1183 causatur
840 1117 959 1181 corde
993 1135 1071 1181 suo.
1107 1122 1264 1199 postremo
1297 1118 1328 1183 si
1363 1121 1431 1202 quis

310 1220 381 1287 haic
403 1222 571 1287 adsertioni
593 1220 718 1286 nostrae
740 1219 834 1284 fidem
856 1219 1004 1304 derogare
1027 1220 1171 1295 uoluerit,
1188 1239 1300 1303 quasso
1318 1225 1432 1286 utnon

309 1326 382 1389 ante
397 1324 609 1407 praeiudicata
625 1322 787 1389 nobiscum
802 1323 943 1404 opinione
962 1323 1121 1405 disceptet,
1138 1340 1233 1407 quam
1248 1323 1432 1407 disciplinae

309 1427 402 1493 huius
423 1426 574 1509 suscipiat
595 1427 753 1505 institute,
771 1444 903 1509 cumque
926 1426 1001 1491 haec
1019 1427 1180 1510 perpaucis
1198 1426 1362 1492 mensibus
1378 1427 1433 1492 illa

306 1550 370 1615 qua
392 1531 527 1597 truditur
547 1528 759 1597 moderatione
780 1530 959 1607 serueuerit,
990 1529 1129 1613 proiecto
1152 1529 1228 1595 haee
1250 1548 1332 1613 quae
1354 1532 1463 1596 dixi-re

309 1654 379 1700 mus
407 1652 481 1699 uero
508 1634 622 1716 poterit
647 1633 778 1717 probare
804 1632 928 1699 iudicio.
966 1636 1104 1698 ceterum
1127 1632 1244 1699 frustra
1265 1634 1305 1698 de
1328 1637 1432 1700 cnius-

309 1736 386 1804 libet
419 1736 497 1803 artis
526 1754 562 1802 ec
592 1736 776 1820 disciplinae
804 1735 864 1801 fine
894 1736 1068 1815 contendet,
1099 1738 1229 1819 quiaque
1258 1755 1322 1802 non
1348 1738 1433 1820 prius

308 1841 415 1903 omnio
436 1858 513 1921 quac
537 1840 575 1905 ad
598 1839 896 1905 consummationem
921 1838 987 1903 eius
1008 1838 1166 1922 pertinent
1189 1858 1314 1905 summe
1339 1839 1433 1904 fuerit

278 1942 413 2009 4studio
437 1962 474 2009 ec
496 1942 614 2008 uirtute
637 1944 784 2009 sectatus.
819 1944 909 2009 uelut
923 1943 951 2009 si
967 1943 1057 2008 uerbi
1073 1944 1178 2028 gratia
1192 1943 1433 2009 similitudinem

308 2045 412 2112 mellis
443 2065 479 2112 ex
512 2047 624 2125 tritico,
659 2050 715 2112 aut
747 2065 871 2112 rursum
901 2065 1011 2125 exeo,
1040 2047 1122 2113 sicut
1151 2048 1243 2111 etiam
1273 2066 1312 2111 e1
1335 2045 1462 2111 rafanis

309 2148 428 2232 linique
449 2149 630 2226 seminibus,
653 2149 808 2216 lenissimi
831 2149 892 2216 olei
918 2150 1070 2231 liquorem
1092 2150 1222 2232 produci
1244 2165 1337 2232 posse
1360 2167 1433 2213 eon·

309 2252 441 2329 firmem,
464 2253 583 2335 siquis
607 2254 716 2321 horum
740 2254 864 2336 penitus
891 2254 1020 2339 ignarus
1043 2253 1186 2332 adsistat,
1209 2270 1312 2317 nonne
1328 2252 1434 2317 contra

309 2375 413 2422 rerum
450 2360 594 2422 naturam
632 2358 688 2423 hoc
726 2376 792 2422 esse
821 2356 1016 2423 conclamans
1045 2376 1095 2421 me
1121 2357 1209 2421 uelut
1243 2356 1433 2438 apertissimi

307 2460 467 2525 auctorem
490 2460 644 2525 mendacii
667 2458 841 2525 deridebit?
863 2459 913 2525 cui
936 2460 962 2524 si
984 2478 1041 2545 ego
1062 2461 1158 2524 testes
1180 2458 1362 2524 innumeros
1380 2460 1432 2542 qni

309 2561 384 2627 haec
411 2580 443 2627 se
472 2566 504 2627 ct
534 2562 648 2629 uidisse
673 2564 705 2627 et
725 2566 869 2646 gustasse
891 2563 924 2627 et
944 2563 1055 2628 iecisse
1084 2564 1238 2627 testentur
1259 2561 1463 2636 exhibeam,n

308 2664 461 2729 rationem
490 2664 618 2746 insuper
644 2666 737 2748 atque
759 2666 898 2731 ordinem
928 2684 989 2747 quo
1011 2666 1083 2731 illue
1104 2664 1220 2747 species
1242 2664 1295 2729 uel
1318 2666 1353 2729 in
1373 2663 1433 2728 olei

308 2764 530 2847 pinguedinem
551 2768 603 2833 uel
625 2769 659 2832 in
681 2767 784 2833 mellis
811 2769 1005 2833 dnlcedinem
1035 2768 1296 2832 transformentur
1316 2765 1433 2831 edisse-

309 2874 389 2946 ram,
410 2867 464 2933 ille
485 2874 589 2935 autem
612 2870 644 2936 in
670 2872 878 2936 stultissimae
899 2870 1108 2954 persuasionis
1132 2868 1341 2935 obstinatione
1362 2887 1433 2951 psr·

309 2969 422 3036 sistens
451 2973 544 3054 neget
573 2974 612 3039 ab
634 2973 700 3039 iliis
723 2972 895 3039 seminibus
921 2973 1086 3056 quicquum
1109 2972 1161 3037 uei
1185 2972 1359 3039 dulcedinis
1383 2971 1433 3037 uel

309 3073 458 3156 unguinis
481 3091 567 3158 posse
583 3076 729 3158 produci:
753 3094 854 3143 nonne
869 3076 969 3160 mugm
985 3077 1123 3142 notanda
1137 3075 1188 3141 est
1201 3073 1463 3141 inrationabiliss

308 3175 376 3241 eius
405 3178 610 3261 peruioanque
640 3178 798 3245 contentio
828 3196 922 3260 luam
951 3180 1101 3245 sermonis
1128 3175 1191 3243 mei
1212 3178 1332 3243 ueritas
1354 3176 1433 3241 inri-

307 3278 419 3355 denda,
449 3298 528 3363 qnae
557 3280 729 3347 multorum
758 3300 795 3346 ae
822 3280 961 3347 fidelium
983 3284 1111 3347 testium
1133 3282 1290 3365 grauitate
1312 3280 1346 3344 et
1366 3278 1433 3343 eui·

308 3382 454 3448 dentibus
488 3382 682 3450 documentis
715 3388 748 3451 et
781 3385 863 3469 qood
895 3386 945 3451 his
979 3383 1115 3469 amplius
1148 3386 1196 3450 est
1225 3383 1432 3467 experientiae

411 3570 428 3623 a
446 3568 524 3623 rm.
545 3570 586 3633 re,
604 3570 621 3623 a
639 3568 732 3637 (cxx)

360 3738 378 3791 a
401 3738 560 3794 necessitate
583 3740 610 3791 Σ
709 3740 728 3793 4
751 3740 884 3809 eliganter
905 3738 936 3791 11
1035 3740 1053 3793 5
1074 3754 1136 3794 suae
1153 3755 1204 3795 om.
1224 3738 1272 3795 Hc
1373 3736 1431 3791 dus

309 3824 357 3877 Or
457 3825 474 3879 6
497 3824 583 3894 corde]
607 3823 639 3880 de
662 3828 687 3878 Y
713 3824 742 3879 ln
765 3824 842 3881 corde
865 3826 911 3880 Oa
1011 3826 1168 3895 ddeceptat
1183 3825 1214 3876 H
1313 3822 1432 3879 armet·

309 3908 366 3979 pict
384 3910 421 3961 2⁹¹
517 3911 551 3965 10
566 3909 683 3979 proiecto
701 3910 740 3962 11¹
840 3911 872 3965 12
889 3912 1028 3967 contendit
1044 3912 1166 3982 qusquis
1184 3914 1210 3964 1·
1302 3910 1336 3966 14
1353 3908 1433 3965 uelud

308 3996 335 4047 ‘1'
429 3995 461 4051 lt
477 3996 559 4050 etiam
576 4012 626 4051 om.
645 3998 670 4049 Y
752 3997 866 4067 raphani
884 4000 910 4051 Y
1002 3999 1034 4053 18
1052 3999 1132 4053 uelud
1148 4000 1175 4051 Τ
1266 3995 1431 4067 apertissime

308 4080 367 4133 ΠΤ
460 4081 492 4136 19
510 4082 569 4151 ego]
587 4098 649 4152 ergo
666 4088 693 4137 Σ
777 4085 841 4155 qnia
857 4083 928 4137 11¹0
1019 4084 1055 4139 20
1071 4084 1169 4139 iecesee
1185 4084 1225 4136 11¹
1314 4082 1346 4137 21
1365 4098 1431 4152 quos

308 4166 357 4222 ille
374 4166 473 4237 species
492 4167 566 4222 uelut
584 4168 612 4223 in
629 4167 660 4220 Π
758 4168 793 4223 22
809 4169 929 4240 pingnid.
948 4169 1028 4223 ΠΨ
1130 4170 1165 4225 23
1188 4170 1218 4224 in
1235 4185 1286 4225 om.
1304 4170 1332 4221 Σ
1338 4167 1363 4221 0

307 4253 469 4309 stultissime
495 4255 524 4307 Σ
557 4255 719 4309 stultissima
744 4257 913 4325 pcmuasione
939 4261 967 4311 et
993 4258 1019 4309 ‘P
1136 4257 1172 4311 24
1198 4255 1297 4311 duleid.
1322 4254 1360 4306 111

308 4339 343 4395 25
361 4340 522 4409 unguedinis
544 4340 595 4395 ΥΟ
696 4342 864 4397 rationabilis
882 4341 913 4394 Π
