3092 4967
481 413 640 471 Conlatio
664 415 728 480 VII,
745 414 858 471 30-31.
1169 418 1232 489 209

115 609 292 687 ostenditur,
321 611 376 674 sed
404 625 443 671 ne
471 606 579 691 aliqua
606 608 731 690 quidem
763 610 906 691 operibns
940 624 1046 675 eorum
1081 608 1232 693 condigna

116 712 277 795 temptatio
309 730 367 777 neo
402 710 503 776 ullum
539 708 700 795 flagellum
738 710 942 793 correptionis
979 710 1124 779 infertur.
1169 729 1234 782 non

115 816 193 880 enim
213 814 376 881 merentur
397 815 531 879 celerem
553 813 701 895 temporis
723 813 818 881 istius
841 814 1078 897 expeditamque
1098 814 1233 883 medisi-

115 937 192 997 nam,
221 935 355 1001 qnorum
383 916 534 982 duritia
556 917 595 979 et
615 916 873 998 inpoenitens
902 934 967 983 oor
994 934 1125 999 poenam
1147 917 1233 987 uitae

96 1021 279 1102 spraesentis
323 1017 474 1085 eroedens
517 1018 775 1085 thesaurizat
818 1018 898 1085 sibi
938 1019 1017 1104 ipsi
1055 1019 1157 1088 iram
1193 1024 1233 1089 et

113 1121 425 1207 indignationem
465 1122 504 1187 in
541 1120 603 1186 die
638 1122 723 1189 ione
758 1126 795 1189 et
832 1120 1097 1189 reuelationis
1130 1123 1232 1189 insti

113 1226 249 1293 indioii
281 1226 362 1306 dei,
384 1224 417 1291 in
438 1242 499 1308 qno
521 1217 668 1291 normis
700 1243 831 1292 eorum
863 1243 938 1291 non
959 1226 1168 1309 morietur,
1192 1230 1232 1292 et

113 1332 209 1414 ignis
243 1348 375 1395 eornm
407 1344 480 1394 non
513 1329 781 1411 extinguetur.
820 1332 931 1395 oontrn
967 1346 1044 1413 qnos
1077 1328 1261 1413 prophetui

113 1433 195 1498 nelnt
221 1434 330 1499 anxius
355 1450 413 1516 pro
441 1432 618 1498 adflictione
644 1436 834 1514 serstorum,
865 1432 975 1499 uidens
998 1450 1051 1499 eos
1072 1432 1231 1501 aerumnis

87 1536 202 1601 renardo
224 1554 261 1601 ao
283 1535 544 1616 temptationibus
567 1536 725 1602 subiaoere
747 1542 780 1603 et
801 1556 818 1603 e
841 1536 949 1603 oontrt
970 1537 1145 1620 poooatores
1166 1554 1231 1603 non

104 1640 207 1705 solum
229 1640 347 1722 absque
368 1639 433 1704 ullo
455 1638 683 1707 humiliationis
710 1638 835 1723 flagello
858 1658 983 1707 oursum
1007 1640 1117 1709 mnndi
1139 1640 1231 1715 istius

113 1744 304 1825 pertransire,
333 1742 386 1807 sod
414 1742 510 1807 otiam
538 1740 688 1807 alluentia
709 1742 892 1808 dinitiarum
921 1760 958 1809 ao
980 1760 1105 1809 summa
1126 1762 1232 1809 rorum
1325 1742 1329 1749 '

113 1846 246 1911 omniurn
267 1846 474 1930 prosperitate
493 1846 638 1929 gaudere,
670 1844 863 1911 intolerabili
885 1844 952 1911 nelo
974 1863 1010 1911 no
1031 1847 1159 1929 spiritus
1181 1846 1232 1915 oui

112 1948 227 2015 leruore
248 1966 417 2014 snooeosus
439 1949 608 2014 exclamat:
632 1948 705 2014 mei
727 1949 859 2015 autem
880 1966 1001 2031 paene
1021 1948 1117 2014 moti
1139 1950 1232 2015 sunt

85 2052 235 2132 apodes:
264 2052 384 2135 paolo
412 2052 541 2117 minns
567 2049 692 2147 eflusi
714 2050 809 2115 sunt
829 2068 995 2133 gressus
1018 2050 1100 2116 mei.
1140 2053 1232 2135 quia

113 2155 236 2219 zelani
268 2173 386 2238 super
419 2154 592 2236 iniquos,
630 2171 760 2236 paoem
798 2156 1051 2239 peooatorunr
1083 2155 1232 2221 uidens.

113 2259 293 2339 quianon
314 2260 374 2323 est
395 2260 598 2339 respeotns
620 2258 659 2321 in
681 2260 805 2321 morte
837 2274 983 2322 eorum:
1007 2274 1076 2323 nee
1098 2256 1231 2326 firmo·

113 2364 274 2427 mentum
307 2361 347 2425 in
379 2360 501 2443 plaga
533 2378 674 2425 eorum.
712 2360 751 2425 in
783 2358 991 2425 laboribus
1029 2359 1232 2427 hominurn

113 2480 179 2527 non
205 2466 315 2544 sunt,
345 2465 383 2527 et
412 2481 495 2527 oum
522 2461 753 2527 hominibus
784 2481 856 2528 non
885 2460 1231 2546 flagellabuntur,

86 2566 226 2632 asniboet
247 2566 282 2631 in
305 2564 412 2633 inturo
434 2583 506 2631 oum
535 2564 736 2632 daemonibus
762 2564 922 2648 puniendi,
947 2564 1000 2647 qui
1022 2564 1233 2651 inpraesenti

113 2689 171 2735 non
191 2672 368 2735 meruerunt
389 2669 423 2733 in
445 2670 528 2735 sorte
550 2687 586 2735 ao
607 2667 773 2754 disoiplina
801 2668 936 2735 filiorum
959 2686 1031 2735 oum
1052 2666 1231 2735 bominibus

114 2773 270 2859 flagellari
306 2771 483 2839 Hieremias
515 2789 637 2855 quoqne
670 2790 740 2839 oum
768 2771 825 2837 deo
854 2790 948 2855 snper
977 2770 1036 2837 beo
1064 2772 1263 2854 impiorum-⁹2

114 2877 311 2959 prosperitate
332 2876 518 2959 disceptans,
541 2875 617 2941 lioet
631 2894 827 2959 nequaqnam
847 2874 993 2941 dubitare
1008 2894 1041 2941 se
1056 2876 1093 2942 de
1109 2872 1233 2943 iustitia

115 2982 225 3046 domini
251 2981 432 3065 profiteatur
454 2980 577 3047 dioens:
598 2982 729 3048 iustus
759 2981 915 3064 quidem
937 2985 979 3046 tn
1002 3000 1040 3047 es
1063 2980 1232 3057 domino,

86 3086 143 3148 essi
164 3085 360 3170 disputem
381 3087 526 3163 tenum,
554 3102 665 3150 causas
687 3086 793 3149 tamen
816 3084 907 3151 huius
929 3083 1038 3149 tantae
1061 3082 1233 3167 inaequali·

115 3188 187 3251 tetis
220 3189 380 3271 inquirens
417 3186 581 3269 subiungit
616 3189 650 3252 et
685 3186 779 3252 dioit:
819 3189 1088 3251 uernmtamen
1126 3186 1233 3250 insta

115 3287 247 3371 loquar
282 3292 329 3357 ad
365 3293 421 3355 te:
458 3306 580 3373 quare
616 3290 684 3354 nia
718 3290 922 3373 inpiorum
965 3290 1232 3370 prosperatur:

115 3388 206 3456 beno
233 3397 291 3459 est
318 3392 515 3476 omnibns,
544 3391 613 3473 qui
642 3392 992 3474 praenarioentnr,
1025 3391 1064 3455 et
1091 3388 1233 3471 inique

115 3496 253 3577 agunt?
282 3496 479 3579 plantasti
512 3513 589 3573 eos,
625 3495 663 3559 et
694 3494 890 3561 miserunt
926 3493 1114 3581 radicem:
1149 3508 1234 3576 pro·

209 3716 317 3770 ditem.
334 3715 395 3781 2,5
492 3714 597 3770 lilasi.
616 3714 657 3779 66,
676 3714 711 3769 24
811 3714 843 3768 14
861 3715 905 3769 Pa.
924 3714 964 3781 72,
982 3714 1051 3770 2-1)
1068 3714 1164 3783 (Lxx)

117 3800 149 3853 24
164 3800 366 3869 Hierem.12,1
471 3802 505 3855 26
526 3801 544 3856 l.
564 3818 585 3854 o.
604 3800 671 3854 1-2

162 4008 179 4061 4
193 4009 347 4078 inponitens
362 4006 500 4063 VDOPX
525 4006 692 4076 inpoenitens
708 4006 747 4061 W
831 4008 849 4059 b
866 4006 987 4061 excidens
1001 4006 1073 4062 ΒΨ
1157 4006 1237 4063 then-

118 4092 224 4147 saurirrt
243 4093 278 4147 V¹
366 4094 381 4148 7
399 4092 492 4147 iuditii
509 4092 539 4149 D
626 4092 660 4146 10
677 4090 716 4162 ot]
735 4096 768 4145 ut
785 4091 827 4147 D¹
853 4095 881 4146 et
894 4095 1016 4147 oeoontra
1036 4092 1059 4148 0
1146 4094 1178 4146 12
1196 4092 1238 4149 ai·

119 4174 202 4232 duent.
217 4178 274 4233 PX
364 4177 399 4233 14
416 4192 484 4247 pena
498 4177 549 4233 VO
575 4192 656 4246 poeno
674 4175 712 4230 W
800 4178 833 4231 16
851 4178 951 4245 iniquia
968 4176 1008 4232 D¹
1015 4176 1066 4232 ΟΡ
1157 4178 1187 4232 11
1207 4179 1236 4233 in

119 4266 194 4317 morte
208 4263 339 4323 VWOP:
356 4267 412 4319 mrt
424 4264 454 4319 D
471 4263 552 4319 morti
565 4263 617 4319 Xo
701 4279 751 4317 neo
766 4262 803 4317 V:
827 4266 854 4319 ot
866 4266 935 4333 (καὶ)
948 4264 1006 4319 rell.
1017 4280 1033 4319 o
1046 4269 1072 4319 et
1088 4263 1167 4335 Vulp.

121 4346 146 4399 18
156 4348 239 4405 labore
251 4350 308 4405 PX
392 4350 427 4405 22
438 4367 468 4405 ao
483 4351 532 4406 W¹
623 4350 657 4403 24
675 4349 760 4403 iustos
775 4350 823 4406 W¹
910 4350 943 4405 27
957 4353 1128 4421 prosperatur
1144 4350 1171 4405 V

162 4450 236 4509 XIII·
272 4470 333 4515 on..
348 4475 368 4514 2.
1099 4454 1133 4507 14
