3092 4967
312 485 378 552 504
706 485 871 541 Iohannis
889 486 1047 543 Cassiani

313 675 425 740 cedens
445 674 543 741 usshi
564 675 680 742 laboris
701 676 865 760 industria,
895 680 930 742 nt
960 674 1062 760 parati
1083 675 1148 741 iam
1169 679 1262 759 atque
1285 677 1316 740 iu
1336 676 1419 742 isdem

313 777 470 844 exercitiis
492 779 672 862 deprehensi
690 779 815 846 facilins
830 785 995 865 praecepta
1011 779 1169 845 seniorum
1184 783 1278 862 atquc
1292 779 1420 844 instituta

312 881 499 963 suscipiant,
533 883 678 966 ipsosque
710 882 745 948 in
779 882 909 949 cellulas
945 901 1016 948 suas
1053 887 1194 948 auctores
1227 882 1421 948 conlationum

289 1001 385 1049 -cum
415 985 492 1068 ipsis
520 985 734 1051 conlationum
762 985 975 1050 uoluminibus
1003 985 1188 1070 recipientes
1216 987 1250 1050 et
1271 985 1422 1052 cotidianis

312 1087 538 1170 quodammodo
583 1107 654 1154 cnm
698 1090 742 1154 eis
779 1089 1074 1174 interrogationibus
1113 1107 1150 1154 ec
1186 1088 1449 1170 responsionibus

312 1191 534 1274 conloquentes
565 1210 628 1257 non
654 1192 788 1274 propriis
822 1190 1095 1258 sdinuonticuibus
1124 1193 1255 1257 arduam
1284 1192 1374 1258 istam
1396 1197 1422 1255 ct

310 1293 506 1378 incognitam
528 1295 627 1361 ferme
649 1295 682 1361 iu
705 1296 763 1360 hac
785 1297 909 1378 regione
931 1295 1081 1379 adpetant
1095 1296 1190 1374 uiam,
1213 1295 1268 1360 sed
1283 1295 1422 1378 periculo

311 1413 379 1462 sam
408 1397 506 1464 otiam
532 1397 611 1474 illic,
639 1397 693 1463 uhi
722 1398 788 1464 iam
813 1397 972 1464 tritissimi
995 1397 1091 1464 calles
1112 1402 1144 1464 et
1159 1397 1325 1465 innumera
1345 1416 1423 1482 prae-

310 1499 489 1568 cedentium
526 1501 667 1585 exempla
709 1519 772 1568 non
816 1504 938 1580 desunt,
981 1503 1202 1569 anachoreseos
1240 1502 1423 1585 disciplinam

310 1606 439 1671 illorum
460 1604 565 1688 potins
586 1605 758 1689 praeceptis
782 1623 891 1688 capere
913 1607 1122 1684 consuescant
1153 1621 1229 1688 qnos
1243 1605 1277 1669 in
1293 1607 1452 1671 omnibusne

311 1711 345 1774 et
367 1707 499 1790 antiqua
518 1708 649 1774 traditio
671 1710 705 1774 et
725 1707 837 1792 longae
865 1709 1071 1793 experientiae
1096 1707 1248 1774 instruxit
1268 1708 1423 1774 industria

364 1999 378 2051 1
402 1995 490 2066 adque
512 1997 550 2054 R¹
654 1997 759 2054 hisdem
776 1997 900 2054 FORK¹
1004 1998 1021 2052 2
1044 1997 1132 2068 adque
1155 1997 1183 2054 R
1286 1997 1301 2051 't
1320 1996 1425 2066 periculo

312 2085 383 2154 farne
401 2083 434 2137 K
535 2084 568 2139 10
584 2100 650 2155 quoe
667 2088 696 2140 et
713 2085 742 2139 in
760 2084 790 2139 F
892 2086 923 2139 11
943 2083 1087 2139 industris.
1108 2083 1186 2138 Finit
1203 2082 1334 2152 praefatio
1350 2081 1424 2137 ΕΘΚ

310 2168 450 2238 Incipiunt
471 2168 592 2238 capitula
609 2169 728 2238 (abbatis
746 2171 856 2240 piamun
874 2169 940 2225 odd.
959 2169 1002 2236 K)
1025 2170 1057 2224 ds
1075 2169 1165 2224 tribus
1182 2169 1327 2240 generibus
1343 2182 1423 2221 mona·

310 2255 421 2310 chornm
439 2254 545 2310 abbatis
564 2257 672 2325 piamun
691 2256 763 2322 (abb.
782 2257 818 2324 pi.
837 2271 886 2310 oea.
906 2255 950 2322 Κ)
969 2256 1034 2312 FK
1066 2255 1195 2326 capitula
1213 2254 1328 2310 eiusdem
1350 2253 1377 2320 0,
1397 2254 1424 2305 ta

309 2357 363 2411 poso
387 2342 511 2411 capitata
528 2343 735 2412 praefationem
754 2343 927 2411 monemur
961 2343 1101 2412 Incipiunt
1123 2341 1245 2412 capitula
1268 2341 1310 2404 R,
1332 2341 1363 2394 ia
1378 2353 1423 2408 qao

308 2443 396 2496 uoce
412 2427 576 2498 cumulatio
589 2430 765 2499 praefationi
782 2429 936 2497 praem
953 2435 993 2484 est
