3092 4967
200 432 240 497 14
587 430 750 487 Iohannis
768 431 927 489 Cassiani

197 638 376 703 praeparare
405 622 542 700 festinat,
567 640 626 687 non
650 626 684 687 ut
707 642 742 687 ea
764 623 921 705 possideat
943 624 1041 687 otiosa
1064 641 1121 687 nec
1143 628 1178 687 ut
1201 623 1318 687 emolu·

195 724 293 789 menti
316 722 400 789 illius
423 724 559 790 fructum
582 724 636 806 qui
662 728 803 807 speratur
826 744 861 789 en
883 726 959 809 ipsis
982 728 1013 791 in
1030 727 1112 790 nuda
1126 726 1315 791 instrumen-

195 827 298 891 torum
321 830 509 909 possessione
531 828 710 900 oonstituat,
738 827 844 892 redut
860 846 966 893 eorum
982 828 1155 893 ministerio
1170 828 1317 911 peritiam

194 928 346 1013 finemque
368 930 454 995 illius
470 930 651 1013 dlaprlinae
671 932 758 996 ouius
773 931 850 995 haec
866 931 1045 996 adiumenta
1058 936 1133 997 sunt
1150 931 1317 996 efficaciter

193 1032 414 1113 adprehendat.
452 1034 548 1117 igItur
575 1033 701 1110 ieiunia,
731 1034 868 1117 uigiliae,
892 1035 1054 1099 meditatio
1077 1034 1350 1115 scripturarums

192 1135 319 1200 nuditas
353 1154 389 1201 ac
422 1137 558 1217 priuatio
591 1139 731 1202 omnium
760 1136 948 1201 facultatum
981 1154 1042 1201 non
1071 1135 1229 1217 perfacile,
1262 1140 1315 1203 sed

192 1237 390 1320 perfectionis
413 1242 620 1306 instrumenta
643 1244 725 1319 sunt,
749 1241 823 1322 quia
840 1257 900 1304 non
917 1240 947 1304 in
964 1239 1042 1321 ipsis
1058 1237 1204 1303 consistit
1220 1238 1312 1303 disci-

161 1340 293 1423 4plinae
316 1344 400 1407 illius
422 1341 502 1421 linis,
526 1344 581 1407 sed
602 1362 657 1425 per
680 1344 736 1407 illa
758 1344 939 1425 peruenitur
961 1344 1000 1408 ad
1015 1342 1119 1406 finem.
1141 1343 1174 1405 in
1190 1359 1313 1406 cassum

189 1444 288 1529 igitur
309 1444 387 1510 haec
409 1445 555 1509 exercitia
576 1444 730 1523 molietur,
755 1445 885 1526 quisque
908 1444 956 1510 his
980 1446 1066 1509 uelut
1088 1461 1209 1508 summo
1232 1445 1312 1511 bono

191 1550 354 1613 contentus
383 1548 589 1613 intentionem
616 1548 665 1612 sui
695 1548 795 1613 cordis
823 1548 885 1612 huc
912 1566 1008 1629 usque
1033 1546 1175 1614 defixerit
1197 1548 1228 1612 et
1249 1566 1346 1612 nonio

189 1650 227 1715 ad
250 1652 435 1732 saplendum
458 1652 561 1729 finem,
585 1652 709 1734 propter
731 1669 823 1732 quem
842 1651 919 1714 haec
933 1649 1104 1732 adpetenda
1120 1652 1203 1725 sunt,
1220 1668 1310 1715 omne

189 1754 327 1818 studium
356 1754 483 1819 uirtutis
511 1754 694 1839 extenderit,
725 1752 840 1818 habens
870 1753 996 1835 quidem
1017 1753 1201 1836 dIsoiplinae
1223 1754 1310 1819 illius

188 1855 406 1935 instrumenta,
422 1856 516 1921 finem
528 1874 609 1933 uero,
625 1858 729 1937 inquo
742 1855 841 1921 omnis
854 1855 974 1920 fructus
990 1856 1143 1933 consistit,
1154 1857 1308 1941 ignorans.

188 1959 338 2042 quidquid
369 1960 464 2041 igitur
493 1962 598 2041 potest
622 1963 715 2026 istam
741 1960 856 2023 mentis
884 1964 1007 2024 nostrae
1028 1961 1200 2041 puritatem
1222 1963 1307 2025 tran·

186 2061 436 2145 quillitatemquo
459 2064 595 2140 turbare,
622 2062 765 2144 quamuis
788 2062 865 2127 utile
880 2080 916 2127 ac
931 2064 1139 2127 necessarium
1155 2063 1343 2141 uideatur,1e

185 2168 220 2229 ut
243 2164 368 2229 nonium
391 2165 593 2231 deuitandum
608 2168 666 2229 est.
699 2165 757 2229 hac
771 2165 854 2229 enim
870 2183 980 2230 norma
994 2169 1025 2230 ot
1040 2184 1178 2231 errorum
1194 2185 1305 2250 perua-

184 2268 405 2351 gationumqua
427 2269 567 2332 omnium
589 2266 792 2350 dispersiones
814 2269 985 2350 poterimus
1008 2271 1137 2333 euadere
1168 2274 1198 2334 et
1222 2271 1304 2334 desi-

185 2375 326 2437 deratum
348 2373 443 2436 finem
465 2372 546 2436 linea
569 2375 672 2436 certae
692 2372 870 2437 directionis
895 2370 1066 2453 adtIngere.

225 2492 313 2557 VIII.
343 2492 403 2557 Hic
432 2509 503 2576 ergo
524 2494 619 2557 uobis
648 2492 828 2574 principalis
856 2492 948 2557 debet
976 2510 1042 2583 esse
1063 2496 1201 2571 conatus,
1228 2492 1305 2557 haec

182 2594 353 2659 immobilis
375 2594 544 2660 destinatio
568 2597 669 2660 cordis
692 2596 807 2679 iugiter
822 2596 1016 2675 adfectanda,
1032 2599 1068 2660 ut
1083 2596 1197 2661 diuinis
1212 2598 1339 2660 rebusro

183 2716 219 2763 ac
242 2698 298 2762 deo
321 2716 407 2762 mens
429 2718 549 2780 semper
571 2700 738 2763 Inhaereat.
777 2698 927 2781 quidquid
943 2700 982 2763 ab
997 2699 1056 2762 hac
1070 2698 1230 2763 diuersum
1245 2700 1302 2777 est,

182 2804 324 2884 quamuis
352 2820 509 2886 magnum,
538 2803 708 2868 secundum
737 2806 843 2867 tamen
872 2807 927 2867 aut
956 2803 1054 2867 etiam
1080 2802 1224 2867 infimum
1247 2819 1303 2867 seu

181 2908 264 2969 certe
292 2906 418 2971 nonium
445 2906 647 2969 iudIcandum
675 2908 731 2969 est.
768 2905 859 2969 huius
882 2906 997 2969 mentis
1020 2905 1069 2971 uel
1092 2908 1180 2969 actus
1203 2906 1303 2988 ligura

180 3009 275 3073 etiam
298 3009 331 3073 in
354 3007 514 3092 euangelio
542 3027 596 3091 per
624 3007 783 3073 Martham
806 3009 839 3071 et
859 3008 994 3073 Marlam
1016 3008 1225 3090 pulcherrime
1247 3007 1301 3071 de-

179 3111 331 3195 signatur.
356 3129 427 3177 oum
443 3113 526 3176 enirn
541 3112 668 3176 Martha
681 3113 789 3176 sancto
805 3110 913 3192 utique
928 3112 1101 3175 ministerio
1118 3112 1298 3191 desemiret,
1309 3130 1335 3172 rs

178 3217 286 3297 utpote
307 3231 385 3297 quas
399 3216 459 3296 ipsi
475 3213 597 3279 domino
613 3212 738 3296 eiusque
753 3214 915 3296 discipulis
930 3213 1139 3292 ministrabat,
1157 3216 1188 3278 et
1199 3214 1301 3279 Maria

178 3317 314 3400 spiritali
345 3316 559 3383 tantummodo
574 3316 695 3381 intanta
709 3317 866 3381 doctrinae
882 3315 1099 3399 [conpedibus
1114 3316 1298 3397 inhaereret,

178 3438 252 3503 quos
275 3420 416 3487 osculans
439 3421 536 3485 bonae
551 3418 751 3485 confessionis
781 3419 914 3485 liniebat
928 3422 1098 3504 unguento,
1122 3420 1297 3502 praefertur

177 3524 280 3589 tamen
304 3541 323 3588 a
344 3524 479 3598 domino,
508 3522 591 3604 quod
620 3526 651 3587 et
679 3522 841 3587 meliorem
868 3523 998 3606 elegerit
1026 3526 1147 3605 partem
1173 3525 1206 3588 et
1228 3541 1297 3589 eam

146 3630 255 3709 aquae
278 3626 316 3692 ab
340 3644 375 3690 ea
397 3642 458 3690 non
479 3624 576 3708 possit
598 3626 723 3691 auferri.
762 3645 833 3691 nam
849 3645 919 3692 cnm
935 3626 1090 3692 laboraret
1105 3625 1230 3692 Martha
1244 3626 1332 3709 piaco

227 3902 292 3955 lut
309 3906 362 3954 non
381 3900 410 3955 D
513 3900 653 3969 possedeat
669 3901 712 3955 D¹
811 3902 893 3956 otiose
912 3902 942 3955 X
1044 3901 1137 3971 2qui]
1156 3916 1181 3970 q3
1198 3900 1228 3955 D

174 3985 312 4041 homnem
330 3986 504 4041 iaccultatum
521 3985 562 4039 D¹
665 3986 878 4056 Iprofeacionis
900 3987 930 4041 D
1031 3988 1114 4057 8por
1131 3988 1181 4042 ille
1199 3986 1229 4042 D

174 4074 207 4128 13
224 4088 313 4127 omnes
337 4073 372 4127 W
447 4072 480 4126 14
498 4072 624 4142 quicquid
650 4074 714 4129 WX
791 4075 823 4129 16
840 4075 904 4128 haec
921 4074 1001 4130 DW¹
1071 4075 1103 4129 17
1121 4073 1294 4143 disperannis

171 4160 201 4214 D
311 4158 344 4213 18
367 4158 522 4212 direocionis
546 4158 574 4213 D
683 4158 717 4213 20
741 4160 887 4215 distenacio
909 4160 950 4215 D¹
1056 4161 1089 4214 21
1114 4159 1241 4230 quicquid
1265 4159 1295 4215 D

175 4280 243 4339 WX
339 4281 373 4335 22
391 4278 532 4334 secondum
550 4280 591 4335 D¹
690 4282 724 4335 24
741 4285 855 4336 martam
873 4284 903 4338 D
999 4286 1033 4340 28
1053 4250 1159 4341 lirr'ebat
1175 4285 1294 4350 ungento

175 4368 213 4423 W
314 4366 347 4421 29
365 4367 480 4435 elegerat
496 4367 538 4421 1)ι
641 4370 675 4422 30
692 4368 785 4422 acierri
802 4369 844 4424 D¹
