3092 4967
545 437 704 492 Conlatio
726 437 815 504 XVII,
834 437 909 494 2-5.
1225 439 1287 508 467

165 627 308 694 dentium
331 631 381 694 uel
403 630 527 714 propter
549 629 642 694 fidem
664 628 892 694 consulentium
915 627 1078 712 largiente.
1112 628 1161 694 his
1182 629 1288 714 itaque

163 732 363 798 sermonibus
384 753 405 798 a
425 736 529 798 sanato
553 733 666 798 abbate
688 731 841 798 (hermam
872 751 908 798 ea
934 731 1098 800 alacritato
1125 735 1287 816 susceptis,

162 836 226 900 acsi
260 855 311 901 eos
344 854 404 902 non
432 855 451 900 a
478 855 528 900 me
556 837 633 919 ipso,
663 833 718 899 sed
746 834 898 900 instinctu
926 834 1044 900 domini
1076 835 1286 918 protulissem,

163 938 337 1002 aduentum
359 941 441 1003 senis
464 945 556 1021 atque
578 938 753 1002 instantem
783 937 846 1002 iarn
869 936 977 1002 horam
999 938 1167 1003 nocturnae
1196 957 1287 1022 syna·

143 1058 235 1106 areos
263 1041 424 1124 paululum
458 1039 651 1124 praestolati,
685 1044 851 1122 postquam
884 1057 956 1104 eum
985 1041 1080 1105 solita
1100 1041 1287 1114 salutatione

162 1146 357 1227 suscepimus
379 1149 411 1209 ct
433 1145 594 1230 legitimus
621 1144 797 1210 orationum
820 1149 915 1225 atquo
936 1142 1127 1227 psalmorum
1151 1147 1288 1228 inpletus

161 1251 209 1312 ost
231 1265 390 1324 numerus,
412 1247 512 1313 isdem
533 1264 640 1312 rursus
665 1246 778 1329 quibus
801 1247 840 1310 ad
863 1247 1001 1328 quietem
1018 1249 1170 1330 conpositi
1187 1247 1287 1316 fuera-

161 1369 233 1415 mus
255 1350 401 1433 psiathiis
423 1369 460 1414 ex
482 1369 567 1414 more
590 1350 794 1416 consedimus.

204 1469 285 1536 1111.
309 1471 390 1536 Tum
419 1470 605 1536 uenerabilis
632 1469 744 1552 loseph
778 1470 960 1535 deiectiones
990 1489 1045 1535 nos
1078 1470 1182 1536 animo
1216 1489 1287 1536 ecn-

128 1573 336 1655 retemplatus
365 1575 459 1655 atque
480 1572 538 1638 hoc
559 1572 650 1638 nobis
672 1591 732 1636 non
757 1571 828 1638 sine
850 1591 945 1638 causa
967 1571 1119 1638 coniciens
1141 1575 1289 1640 accidisse

159 1675 219 1740 illo
240 1693 299 1739 nos
320 1676 513 1757 patriarches
534 1674 644 1758 loseph
666 1693 808 1740 sermone
836 1675 1009 1758 conpellat:
1040 1677 1131 1758 quid
1155 1679 1288 1760 ntique

159 1779 302 1844 uultus
320 1779 449 1844 uestri
470 1780 610 1845 tristes
629 1783 718 1844 sunt
736 1779 873 1844 hodic?
890 1781 940 1845 cni
957 1796 1027 1844 nos:
1047 1799 1107 1845 non
1123 1783 1204 1846 sicut
1217 1781 1288 1846 uin·

157 1882 259 1946 eulati
281 1881 330 1947 illi
346 1882 517 1947 Pharaonis
538 1881 674 1947 ministri
697 1883 855 1948 somnium
870 1882 1006 1948 uidimus
1023 1888 1054 1947 et
1069 1882 1122 1965 qui
1138 1884 1286 1967 interpre-

158 1989 247 2050 tetur
268 2003 329 2051 non
352 1990 408 2062 est,
431 1989 484 2051 sed
499 1985 683 2063 insomnem,
700 1986 835 2068 inquam,
863 1987 1007 2050 duximus
1029 1990 1160 2065 noctem,
1180 1990 1211 2053 st
1233 1990 1286 2070 qui

124 2109 149 2150 rs
159 2089 307 2153 aestuum
325 2090 500 2155 nostrorum
514 2088 612 2154 moles
627 2088 771 2154 subleuat
786 2107 847 2155 non
861 2093 917 2173 est,
934 2090 993 2154 nisi
1008 2109 1059 2156 eas
1074 2091 1216 2157 dominus
1232 2096 1288 2158 tua

157 2193 346 2257 discretione
379 2192 584 2257 submouerit.
620 2196 689 2256 tum
718 2191 788 2272 ille,
817 2193 871 2275 qui
906 2193 1100 2275 patriarchae
1135 2194 1285 2258 uirtutem

157 2299 192 2359 et
214 2294 330 2359 merito
351 2295 480 2360 referret
503 2297 535 2359 et
555 2295 699 2361 nomine:
726 2313 829 2361 nonne
852 2315 906 2377 per
921 2295 1093 2379 dominum,
1110 2297 1220 2378 inquit,
1238 2301 1286 2362 est

156 2399 372 2463 humanarum
405 2397 630 2480 cogitationum
663 2399 807 2463 curatio?
839 2397 1035 2482 proferantur
1067 2401 1100 2464 in
1132 2400 1285 2464 medium:

155 2508 272 2583 potens
306 2501 388 2564 enim
417 2503 465 2565 est
492 2499 602 2565 diuina
628 2500 794 2565 clementia
824 2503 994 2566 seeundum
1021 2499 1116 2565 fidem
1145 2505 1285 2567 nestram

122 2607 267 2674 anostro
288 2606 333 2670 eis
355 2603 520 2670 medellam
544 2606 701 2686 praestare
722 2602 859 2668 consilio.

202 2725 241 2789 V.
265 2725 314 2790 Ad
342 2726 419 2792 haec
448 2741 646 2790 unumst
681 2723 899 2801 credebamus,
934 2725 1045 2807 inquit,
1075 2743 1129 2790 nos
1164 2727 1285 2791 nestrae
1350 2751 1351 2756 ¹

156 2828 367 2894 beatitudinis
400 2829 518 2894 uisione
551 2846 613 2893 non
646 2829 748 2895 solum
781 2829 903 2894 laetitia
930 2830 1077 2911 spiritali,
1106 2829 1159 2894 sed
1189 2830 1284 2896 etiarn

156 2931 301 3014 proiectu
323 2931 444 2998 abunde
467 2932 600 3014 repletos
624 2931 663 2998 ad
685 2935 827 2997 nostrum
854 2933 1032 3000 coenobium
1054 2949 1232 2998 recursuros
1255 2934 1286 2996 et

156 3054 206 3118 sa,
234 3053 314 3117 quae
341 3034 509 3101 fuissemus
531 3043 635 3100 uestro
666 3035 847 3118 magisterio
871 3036 1039 3112 consecuti,
1063 3054 1083 3101 a
1104 3037 1191 3102 nobis
1213 3041 1285 3120 post

119 3162 147 3204 aa
157 3138 298 3204 reditum
321 3138 371 3206 uel
388 3139 475 3204 tenui
491 3139 701 3204 aemulatione
716 3138 872 3204 sectanda.
910 3139 969 3202 hoc
983 3139 1066 3204 enim
1082 3140 1114 3205 et
1128 3140 1284 3204 seniorum

155 3243 339 3308 nostrorum
368 3241 496 3307 dilectio
524 3241 585 3308 sibi
602 3241 765 3325 ¹spondere
789 3261 842 3307 nos
866 3242 1015 3326 conpulit,
1040 3245 1114 3307 dum
1137 3241 1283 3306 sublimi·

155 3345 261 3410 tatem
293 3345 380 3410 uitae
411 3347 534 3410 nmtrae
567 3346 661 3427 atque
693 3343 852 3410 doctrinae
880 3363 967 3428 posse
1001 3362 1056 3410 noe
1089 3345 1284 3427 aliquatenus

156 3447 281 3514 imitari
310 3448 344 3514 in
368 3447 425 3514 illo
447 3447 596 3514 coenobio
617 3449 823 3515 crederemus.
860 3450 941 3514 unde
964 3466 1035 3512 cum
1058 3468 1094 3513 er
1116 3448 1172 3512 hoc
1194 3448 1284 3516 nohis

155 3571 285 3618 omnem
317 3551 553 3617 aestimaremus
589 3552 746 3618 laetitiam
781 3551 1010 3630 conserendam,
1044 3551 1233 3617 intolerabili
1267 3573 1283 3616 e

263 3755 293 3809 11
313 3755 379 3816 oen,
395 3755 439 3823 ro,
457 3755 473 3809 r
492 3754 586 3822 (uxr)
690 3757 722 3809 13
740 3755 774 3810 er.
793 3755 812 3810 1.
830 3771 851 3809 ο.
869 3755 887 3810 a

209 3945 229 3999 2
249 3944 420 4013 suscepti}
441 3987 445 3995 .
469 3989 474 3998 ,
519 3945 538 3999 4
560 3945 681 4001 sinneoa
702 3945 762 3999 ΠΟ
864 3945 879 3999 'l
899 3944 1001 3998 hisdem
1017 3945 1077 3997 HT
1177 3959 1282 4000 rursum

154 4030 183 4082 0
268 4030 411 4098 lipsiatiia
428 4031 456 4082 Σ
481 4031 597 4100 psiathi·
615 4031 641 4086 Ο
719 4031 993 4100 contemplatura
1078 4031 1109 4086 11
1127 4029 1170 4086 illi
1187 4029 1215 4084 ll

140 4116 193 4170 ‘13
208 4115 326 4172 faraonis
343 4117 403 4168 itt·
430 4115 609 4172 iarahon‘mO
704 4117 738 4171 15
754 4115 851 4170 molem
868 4118 894 4167 Τ
982 4115 1011 4168 ni
1029 4115 1068 4168 11¹
1151 4115 1283 4170 dominus

153 4201 250 4257 osan
335 4203 368 4256 16
379 4201 628 4258 discretiolleorr.
710 4203 926 4258 summoueritll
1011 4203 1043 4256 17
1055 4201 1149 4271 inquid
1162 4201 1215 4255 ΤΟ

154 4289 193 4342 20
204 4287 337 4344 medelam
350 4287 432 4350 ΠΨ
517 4288 656 4342 consilium
669 4289 698 4340 Σ
783 4289 815 4342 21
834 4287 929 4357 inquid
939 4288 970 4340 Π
993 4303 1041 4344 nos
1053 4287 1149 4356 inquid
1161 4287 1214 4339 ΤΟ

154 4376 192 4429 23
203 4389 351 4430 recursoros
363 4375 403 4426 11¹
481 4375 515 4430 26
527 4374 580 4430 riti
593 4391 644 4430 om.
656 4375 686 4425 Π
770 4374 805 4428 28
816 4374 937 4430 intimari
950 4375 978 4426 Σ
1052 4387 1112 4428 oum
1125 4389 1176 4428 um.
1187 4372 1216 4423 Π

1124 4475 1182 4533 30}
