3092 4967
484 444 646 500 Conlatio
670 444 773 511 XVIII,
793 447 903 503 13-14,
1191 454 1253 519 521

129 634 267 699 beatus
301 636 383 699 enim
416 635 481 701 uir
518 637 583 719 qui
617 637 765 702 suffert
802 636 1124 718 temptationem,
1162 642 1257 724 quia

17 790 19 819 ÷
127 736 418 819 comprobatus
441 738 567 806 fuerit
589 740 758 821 accipiet
785 756 968 805 coronam
991 742 1118 819 uitae,
1141 761 1256 824 quam

17 834 19 839 ’
128 842 361 923 repromisit
382 842 476 907 deus
502 841 769 925 diligentibus
798 861 845 907 se.
884 842 1055 909 secundum
1077 846 1286 927 apostolum5

129 963 249 1029 quoquc
282 942 416 1009 Paulum
444 946 574 1011 uirtus
609 964 667 1012 non
700 948 734 1012 in
762 948 824 1011 otio
853 951 948 1029 atque
977 948 1106 1029 delictis,
1134 950 1190 1015 sed
1217 952 1256 1017 iu

109 1048 375 1114 sinrirmrraoe
408 1049 634 1131 perficitur.
673 1068 762 1115 ecce
795 1050 914 1126 euim,
948 1052 1063 1133 inquit,
1097 1053 1188 1118 dedi
1216 1054 1257 1120 tc

127 1152 240 1219 nodie
268 1152 308 1215 in
338 1152 550 1219 ciuitatem
573 1156 787 1236 munitam,
818 1156 858 1220 et
880 1155 919 1219 in
941 1156 1158 1221 columnam
1179 1156 1255 1223 fer·

127 1276 248 1340 ream,
277 1260 315 1321 et
343 1259 383 1321 in
404 1276 553 1325 murum
580 1276 750 1337 aereum,
779 1277 898 1341 super
920 1277 1068 1325 omnem
1089 1266 1254 1339 terram,

126 1360 292 1445 regibus
314 1360 425 1435 Iuda,
449 1362 487 1425 et
508 1360 761 1443 principibus
785 1364 887 1441 eius,
911 1364 949 1426 et
969 1362 1255 1429 sacerdotibus

127 1463 228 1543 ciue,
252 1466 291 1527 et
313 1463 416 1529 omni
439 1464 581 1547 populo
601 1464 739 1529 terreo.
773 1462 1257 1533 etbellalonntsduersum

97 1573 181 1647 roto,
211 1569 250 1633 et
277 1585 352 1633 non
379 1566 684 1649 praeualeburt:
715 1568 809 1649 quia
835 1585 904 1650 ego
925 1570 1055 1633 tecum
1077 1588 1176 1652 eum,
1199 1570 1257 1635 ait

127 1672 321 1749 dominus,
345 1676 539 1736 uternam
561 1674 609 1735 te.

168 1774 277 1841 XIIII.
300 1774 403 1839 Huius
426 1792 498 1857 ergo
521 1774 693 1855 patientiae
715 1774 787 1839 uolo
802 1774 891 1841 uobis
906 1777 967 1841 duo
992 1775 1101 1841 saltIm
1117 1775 1258 1857 exempla

127 1896 312 1963 proponere:
335 1896 433 1943 unum
455 1876 615 1960 religiosae
632 1878 793 1943 cuiusdam
816 1877 961 1955 feminae,
986 1896 1064 1959 quae
1087 1880 1256 1960 patientiae

127 1986 281 2049 uirtutem
310 1982 402 2047 tanta
428 1980 580 2047 auiditate
604 1982 723 2047 secuta
745 1985 803 2057 eet,
826 1985 948 2049 utnon
969 1981 1071 2047 solum
1093 1984 1255 2064 temptati·

96 2103 224 2151 tonum
247 2102 308 2149 uon
330 2084 449 2149 niteret
471 2084 622 2163 incursus,
647 2087 700 2149 eod
723 2085 820 2149 etiam
844 2084 1021 2150 occasiones
1042 2085 1257 2150 molestiamm

125 2189 256 2255 sibimet
284 2188 471 2269 procuraret
500 2187 612 2270 quibus
640 2186 835 2269 frequentius
865 2188 1018 2271 instigata
1038 2205 1102 2253 nou
1125 2189 1256 2255 cederet.

126 2293 204 2361 leaeo
243 2310 378 2373 namque
415 2309 486 2355 oum
530 2288 740 2356 Alexandriae
783 2295 983 2356 commaneret
1018 2295 1160 2374 essetque
1195 2310 1258 2358 nou

126 2396 269 2464 obscuris
302 2398 371 2461 orta
403 2394 572 2460 maioribus
606 2396 700 2476 atque
729 2394 761 2457 in
792 2397 884 2459 domo
911 2412 992 2476 quae
1020 2394 1081 2459 eibi
1109 2394 1256 2461 furrata

126 2499 311 2583 parentibus
338 2498 489 2563 derelicta
516 2496 659 2581 religiose
695 2497 821 2563 domino
850 2497 1032 2573 deseruiret
1059 2497 1189 2563 ueniens
1217 2497 1258 2562 ad

95 2606 240 2671 chemae
268 2601 435 2667 memoriae
462 2600 642 2683 episcopum
668 2600 878 2665 AthanaeIum
908 2601 1103 2684 precabatur,
1133 2603 1170 2666 ut
1198 2601 1257 2667 ali-

126 2726 225 2792 quam
248 2705 309 2773 eibi
325 2704 471 2771 alendam
488 2704 614 2769 uiduam
632 2704 729 2782 daret,
753 2722 833 2785 quae
850 2703 1064 2769 ecclesiasticis
1080 2704 1257 2786 sumptibus

126 2812 325 2895 pascebatur.
365 2809 397 2873 et
425 2812 462 2874 nt
492 2808 674 2891 petitionem
701 2809 767 2873 elus
790 2807 894 2872 uerbis
915 2808 1013 2890 ipsius
1036 2808 1288 2891 exprimamus,2

126 2918 167 2981 dn
204 2914 295 2990 milri,
333 2913 444 2995 iuquit,
490 2911 629 2993 aliquam
669 2910 706 2975 de
744 2910 902 2978 sororibus
946 2929 1040 2992 quam
1083 2928 1256 2993 repausem.

126 3018 268 3103 pontifex
296 3034 369 3098 ergo
397 3033 469 3081 cum
499 3012 657 3079 laudasset
683 3016 878 3097 propositum
905 3015 1049 3092 feminae,
1079 3013 1159 3096 qnod
1188 3033 1258 3079 eam

93 3124 166 3189 aad
192 3138 275 3204 opus
302 3118 529 3185 misericordiae
558 3118 689 3183 uidisset
717 3136 785 3181 esee
807 3117 1084 3199 promptissimam,
1108 3116 1200 3181 iussit
1221 3134 1259 3181 ex

125 3225 275 3293 omnibus
295 3222 372 3305 eligi
393 3222 521 3287 uiduam
550 3238 628 3302 quae
650 3225 680 3284 et
709 3221 874 3285 honestate
902 3238 1026 3285 morum
1047 3221 1080 3284 et
1100 3220 1258 3299 grauitate

124 3347 162 3397 ac
186 3326 358 3409 disciplina
379 3326 521 3391 omnibus
543 3323 761 3407 praeferretur,
785 3342 823 3388 nc
846 3324 927 3388 forto
947 3323 1138 3390 desiderium
1160 3322 1259 3406 largi-

126 3433 206 3500 tatis
230 3429 431 3513 perprientie
453 3412 531 3493 uitio
555 3430 730 3493 uinceretur
754 3432 786 3492 et
809 3446 886 3510 quae
907 3429 1080 3493 mercedem
1096 3429 1258 3507 quaereret

125 3536 160 3600 iu
184 3550 294 3618 egene,
317 3532 424 3617 prauis
447 3532 512 3596 eius
535 3530 653 3595 offensa
673 3530 812 3595 moribus
836 3530 987 3595 damnum
1001 3528 1073 3593 fidei
1089 3532 1257 3609 peteretur.

234 3711 320 3766 1120.
341 3712 363 3772 1,
384 3679 417 3767 re
455 3662 458 3673 ⁴
519 3688 662 3765 411'001.
683 3708 758 3773 rao
859 3708 1012 3763 aurarem.
1031 3710 1055 3771 1,
1075 3683 1176 3761 ie-ro

177 3872 346 3943 conquas
433 3872 533 3927 eruens
551 3871 588 3927 ru
684 3870 814 3941 nunquan
831 3870 954 3926 sorra
1002 3855 1006 3879 ²
1046 3868 1144 3924 eruco
1162 3873 1189 3922 e
1207 3866 1260 3923 ro

123 3966 166 4020 R:
200 3962 281 4016 tudae
299 3966 326 4015 et
345 3960 372 4015 Β
400 3960 464 4014 luda
482 3959 500 4030 β
518 3964 544 4013 et
561 3958 682 4029 Vulpata
775 3961 807 4013 11
826 3960 858 4012 ut
875 3972 967 4011 ernam
985 3960 1014 4010 tc
1031 3955 1073 4010 ait
1091 3954 1214 4009 dominus
1232 3952 1258 4023 β,

123 4057 157 4105 ret
170 4046 368 4112 estXXHII,
381 4043 460 4113 25‚2
555 4045 589 4099 12
601 4046 698 4098 saltem
712 4044 767 4099 FO
865 4044 899 4098 13
910 4044 1057 4112 relegiosae
1069 4040 1192 4096 B¹R¹K¹

123 4138 161 4191 181
177 4135 268 4204 adque
285 4134 313 4188 R
406 4132 441 4187 19
456 4132 587 4201 relegioee
604 4130 685 4187 ΒΚῙ1
764 4131 799 4183 21
816 4129 1006 4184 aeclesiasticis
1024 4126 1081 4183 BF
1165 4126 1201 4180 23
1218 4127 1260 4179 ἱιι·

123 4222 192 4293 quid
204 4220 359 4277 Rom
441 4218 477 4273 24
488 4218 609 4287 pontifex
621 4216 744 4273 BFOR:
762 4216 884 4271 sacerdos
895 4216 935 4285 βυ
952 4216 988 4280 of.
1000 4216 1054 4279 §.3
1064 4218 1092 4267 et
1102 4216 1120 4266 5
1131 4218 1159 4266 et
1169 4212 1259 4279 XXI,

124 4314 206 4376 tm
286 4305 571 4374 roprnmpunffl
653 4304 686 4360 26
698 4302 768 4372 engi
781 4301 928 4357 B¹R¹K¹Z
1005 4298 1192 4367 ffleganarrrd

123 4396 251 4453 moribus
269 4392 405 4461 offensad
507 4392 632 4447 damnum
652 4390 714 4444 fidei
732 4396 799 4445 uerte
817 4388 907 4458 prauis
923 4388 1023 4445 mom
1038 4385 1077 4455 do
