3092 4967
277 420 339 487 138
668 417 832 474 lobannis
856 416 1012 473 cassiani

277 606 389 675 robore
418 606 470 672 uel
498 607 634 673 lenitatis
663 606 750 673 rabie
778 606 993 692 conspexerint
1016 606 1156 685 diriores,
1180 608 1329 672 muorsns
1351 623 1406 671 ece

277 711 399 797 primae
442 710 667 795 congressionis
705 710 865 777 certamen
901 710 1069 793 adripiunt,
1107 709 1220 793 quibus
1256 708 1405 775 extinctis

278 812 424 897 reliquas,
457 832 536 897 quae
568 814 673 880 minus
701 814 861 881 terribiles
893 815 1057 896 minusque
1086 814 1287 879 uehementes
1320 816 1405 889 sunt,

278 914 363 981 exitu
393 915 533 982 faciliore
561 921 769 1001 prosternunt.
799 917 845 983 ita
872 921 902 983 ct
925 916 1012 983 uitiis
1034 934 1156 999 semper
1177 915 1407 983 robustioribus

278 1020 433 1103 superatis
467 1022 560 1103 atque
591 1020 816 1087 infirmioribus
850 1018 1085 1086 succedentibus
1120 1018 1279 1101 parabitur
1316 1019 1442 1085 nobiae

277 1122 394 1206 absque
416 1121 481 1189 ullo
504 1123 686 1190 discrimine
706 1124 846 1206 perfecta
860 1124 1003 1189 uictoria.
1031 1141 1086 1189 nec
1100 1128 1206 1189 tamen
1222 1122 1407 1205 putandum,

277 1228 360 1310 quod
382 1227 600 1311 principaliter
621 1227 692 1311 quis
714 1232 824 1295 contra
846 1246 944 1293 unum
967 1227 1118 1293 dimicans
1140 1227 1256 1292 uitium
1272 1227 1305 1291 et
1319 1227 1407 1293 uelut
1525 1214 1530 1300 ,ἰ

278 1330 436 1396 incautius
457 1331 590 1396 aliorum
611 1331 677 1397 tela
697 1331 889 1417 prespiciens
912 1332 1070 1415 inopinato
1085 1333 1150 1397 ictu
1165 1330 1287 1395 facilius
1303 1329 1408 1395 ualeat
1530 1340 1531 1343 ’

246 1432 421 1499 desociati.
460 1433 541 1516 quod
569 1452 766 1518 nequaquam
794 1432 859 1499 fiet.
897 1433 1078 1518 inpossibile
1106 1452 1241 1516 namque
1267 1437 1408 1497 osteum
1530 1442 1531 1445 ’

278 1536 332 1619 qui
354 1553 409 1619 pro
432 1535 534 1601 cordis
555 1538 604 1601 sui
627 1537 846 1604 emundatione
868 1536 1023 1603 sollicitus
1051 1555 1127 1621 erge
1147 1537 1408 1621 inpugnationem
1418 1556 1441 1597 ro

277 1638 351 1705 nitii
382 1638 549 1706 cuiuslibet
576 1640 784 1707 intentionem
811 1660 886 1708 snae
908 1642 1023 1707 mentis
1054 1639 1235 1717 armanerit
1260 1641 1407 1705 aduersus
1528 1692 1530 1700 .

279 1742 382 1808 catera
403 1760 524 1825 qnoque
546 1743 626 1809 uitia
640 1744 819 1828 generalem
842 1744 993 1827 quendam
1010 1744 1168 1809 horrorem
1185 1747 1217 1808 et
1233 1741 1408 1808 custodiam

280 1844 417 1910 similem
438 1863 499 1910 non
521 1843 643 1913 habere.
680 1865 740 1930 qno
763 1847 846 1911 enim
868 1846 960 1913 modo
992 1847 1044 1912 uel
1066 1849 1104 1913 de
1125 1845 1182 1912 illa
1204 1864 1264 1929 quc
1285 1844 1407 1911 absolui

280 1947 439 2013 desiderat
449 1947 589 2031 passione
601 1950 772 2015 merebitur
785 1951 926 2016 obtinere
941 1951 1116 2027 uictoriam,
1128 1950 1181 2033 qui
1197 1967 1230 2013 sa
1242 1948 1406 2033 indignum

279 2050 475 2134 purgationis
496 2053 634 2134 praemio
655 2051 791 2118 eliorum
817 2053 896 2119 facit
918 2054 1061 2137 contagio
1077 2052 1251 2119 uitiorum?
1266 2054 1320 2118 sed
1336 2070 1406 2117 curn
1419 2072 1443 2113 a
1535 2086 1536 2131 t

281 2154 461 2241 principalis
483 2157 584 2221 nostri
605 2158 705 2222 cordis
729 2156 863 2222 intentio
886 2156 974 2222 uelut
995 2157 1164 2242 specialem
1187 2155 1249 2221 sibi
1270 2172 1407 2239 pugnam

280 2258 429 2324 aduersus
456 2278 550 2326 unam
572 2260 727 2343 exceperit
753 2262 937 2342 passionem,
959 2279 1015 2342 pro
1036 2260 1106 2343 ipsa
1127 2260 1228 2326 orabit
1250 2258 1406 2324 adtentius

280 2361 431 2446 peculiari
454 2361 664 2428 sollicitudine
687 2362 740 2430 uel
761 2364 866 2429 studio
881 2363 1071 2448 supplicans,
1089 2364 1124 2427 ut
1138 2381 1209 2428 eam
1224 2360 1407 2445 diligentius

280 2465 445 2531 obseruare
474 2469 507 2532 et
533 2485 588 2549 per
618 2466 693 2533 haec
721 2468 852 2533 celerem
882 2470 1040 2533 mereatur
1069 2466 1210 2532 obtinere
1233 2464 1407 2530 uictoriam.

250 2569 367 2637 bhunc
399 2586 534 2654 namque
565 2588 622 2635 nos
650 2571 792 2637 ordinem
821 2570 1008 2652 proeliorum
1042 2588 1181 2637 exercere
1210 2568 1324 2635 debera
1354 2584 1443 2633 neca
1534 2556 1535 2633 ξ

282 2676 387 2735 tamen
416 2646 454 2737 (io
483 2675 588 2738 noema
620 2673 742 2739 uirtute
771 2672 923 2738 confidere
947 2674 1041 2739 etiam
1065 2672 1226 2758 legislator
1248 2672 1296 2737 his
1320 2672 1408 2737 docet

282 2771 403 2840 uerbis:
427 2792 499 2840 non
520 2775 685 2842 timebis
707 2794 787 2855 eos,
817 2776 907 2859 quia
935 2775 1116 2841 dominns
1138 2778 1231 2841 dous
1253 2778 1346 2839 tuus
1367 2774 1408 2839 in

281 2877 409 2944 medio
445 2879 503 2945 tui
541 2880 617 2959 est,
656 2879 748 2945 daus
785 2898 949 2967 magnus
988 2883 1027 2944 et
1063 2877 1287 2945 terribilis:
1325 2876 1409 2959 ipse

283 2986 485 3048 consumet
513 2982 694 3049 nationes
722 2983 792 3049 has
820 2983 859 3049 in
885 2986 1103 3067 conspectu
1127 2985 1192 3047 too
1214 2980 1408 3065 paulatim

281 3090 399 3169 atque
426 3104 493 3169 per
520 3087 661 3167 partes.
701 3104 775 3151 non
803 3090 956 3169 poteris
989 3087 1120 3154 delere
1147 3103 1212 3150 aas
1242 3083 1443 3168 perirem
1533 3140 1534 3175 ᾗ

282 3208 327 3254 ne
354 3189 459 3255 forte
488 3188 811 3270 multiplicentur
839 3193 1046 3256 contrata
1075 3187 1233 3253 bestiae
1267 3189 1408 3253 terrae.
1533 3180 1534 3249 l

385 3373 419 3427 22
439 3375 519 3429 Dent
538 3372 564 3441 l,
581 3373 684 3429 21-23

335 3544 494 3599 lueritatir
511 3545 552 3600 D*
644 3544 754 3599 diriorir
776 3543 803 3600 V
894 3546 994 3615 dquas
1016 3546 1040 3598 V
1132 3546 1284 3613 desperati
1309 3544 1340 3598 V*

282 3630 368 3700 adque
388 3630 441 3685 VP
525 3631 605 3684 nubis
626 3630 662 3684 V¹
748 3629 894 3699 dpertlcta
909 3630 944 3685 V¹
1035 3630 1225 3699 8inopinatu·
1241 3630 1271 3685 D
1357 3632 1408 3685 icto

287 3716 314 3773 V
397 3714 430 3769 10
447 3714 631 3769 emendatione
652 3716 680 3772 V
775 3717 808 3771 12
826 3716 976 3771 custodiam
997 3716 1025 3773 V
1116 3716 1149 3771 13
1167 3716 1286 3771 simelam
1308 3714 1342 3771 V'

284 3802 318 3856 14
335 3800 524 3855 uictorismV
606 3802 651 3870 qui
670 3818 698 3855 se
708 3840 802 3855 ......
820 3802 852 3857 19
870 3800 1012 3856 uictoriam
1030 3816 1079 3855 om.
1092 3800 1142 3867 D',
1159 3800 1277 3856 add1>²
1293 3804 1326 3857 e'er
1338 3816 1409 3855 sacr·

280 3888 352 3957 plne,
370 3902 423 3955 prro
433 3891 532 3941 resecto
544 3886 630 3940 acrba
641 3887 685 3940 uel
698 3885 788 3942 studio
800 3889 964 3958 supplicans.
975 3926 981 3939 .
992 3926 1015 3941 ..
1026 3888 1167 3941 uictoriam
1181 3888 1237 3941 mm
1248 3902 1305 3942 orca
1317 3886 1408 3959 lepreo-

283 3978 332 4026 tarr
435 3972 468 4025 16
486 3970 570 4025 cordis
588 3972 674 4025 nostri
690 3972 764 4027 1>²x
867 3972 946 4026 uelud
963 3972 1035 4027 ΒΨ
1136 3972 1188 4026 sibi
1205 3988 1256 4027 om.
1274 3970 1346 4027 D'X

285 4059 317 4113 l'l
340 4057 471 4126 exceperit
492 4055 641 4112 12²0sz
671 4058 802 4127 exciperet
828 4058 855 4112 V
880 4060 1013 4127 exciperct
1036 4059 1074 4113 1³¹
1179 4060 1212 4113 18
1235 4058 1367 4128 peculiare
1387 4054 1410 4111 V

283 4145 325 4200 D‘
428 4143 472 4196 uel
494 4142 529 4197 V:
560 4156 591 4196 sc
610 4142 700 4197 OFX
725 4142 775 4198 hac
798 4143 836 4198 P¹
940 4144 1009 4215 eam]
1036 4160 1095 4199 oum
1123 4142 1150 4199 V
1250 4143 1409 4213 dilegentiur

286 4232 323 4287 V¹
427 4230 460 4284 19
483 4230 627 4283 uictoriam
648 4228 684 4285 V*
788 4230 823 4284 20
845 4230 925 4300 praei.
948 4230 987 4287 W
1088 4230 1119 4284 21
1147 4230 1288 4301 legislator
1308 4228 1343 4285 V¹

283 4316 426 4409 docem
508 4352 542 4406 23
554 4352 691 4407 terribelee
707 4353 731 4407 V
815 4352 849 4407 24
861 4355 999 4422 conspecto
1015 4351 1042 4407 V
1122 4353 1155 4407 25
1168 4353 1254 4423 adque
1270 4353 1346 4409 VOP
