3092 4967
520 497 679 553 Oculatis
702 498 739 563 11,
758 500 868 554 13-16.
1213 503 1257 569 59

128 687 351 771 conscendisse,
382 691 419 754 nt
448 689 655 773 euangelium,
686 687 768 770 qnod
798 686 969 753 comitante
997 686 1102 771 gratia
1126 686 1257 771 spiritus

127 791 226 857 sancti
253 809 325 857 cum
347 793 502 876 potestate
531 792 691 875 signorum
714 796 746 856 et
768 789 980 875 prodigiorum
1002 792 1144 875 gentibus
1166 810 1277 874 prae·-

126 894 260 973 dicabat,
277 911 350 960 cnm
366 894 430 959 sois
446 895 632 979 coapostolis
653 898 685 959 et
707 895 953 960 concanonicus
967 896 1093 976 priuata
1107 898 1256 978 quodam-

126 998 216 1062 mcdo
255 1014 292 1061 ac
329 998 498 1063 domestica
542 996 768 1062 examinatione
805 996 967 1075 consonet,
1005 1001 1043 1061 et
1078 997 1254 1077 contuli,

108 1100 280 1183 circuiens,
305 1118 385 1165 cum
409 1100 501 1165 illis
531 1100 786 1183 euangelium
815 1100 915 1182 qucd
937 1100 1127 1183 praedico
1150 1101 1256 1165 inter

125 1208 281 1288 gentes,
305 1222 350 1268 ne
372 1201 479 1268 forte
499 1202 538 1268 in
560 1221 728 1269 uacuum
750 1220 949 1269 currerem
970 1206 1040 1269 ant
1059 1204 1253 1269 cucurris-

125 1326 214 1373 sem.
255 1307 325 1390 quis
349 1325 423 1391 ergo
444 1311 512 1372 tarn
534 1310 750 1390 praesumptor
773 1310 805 1372 et
828 1306 1004 1385 accessit,
1023 1306 1284 1389 qmseaudeatd

125 1428 178 1476 sno
202 1409 320 1476 indicio
342 1409 581 1491 nanctumque
604 1410 801 1487 conmittere,
823 1427 893 1475 cnm
917 1426 973 1475 uas
993 1408 1156 1477 electionis
1170 1407 1255 1477 indi·

124 1514 228 1596 guisse
260 1532 294 1578 se
321 1514 565 1597 coapostolorum
601 1532 727 1581 sucrum
765 1512 941 1579 conlatione
977 1514 1133 1581 testetur?
1171 1513 1255 1583 unde

96 1617 385 1684 inmanifestissime
414 1619 620 1699 conprobetur
649 1617 730 1682 nulli
754 1635 773 1682 a
794 1618 920 1683 dominc
946 1617 1032 1683 niam
1054 1616 1254 1700 perfectionis

125 1722 258 1798 oetermi,
287 1722 341 1803 qni
369 1720 485 1785 babens
513 1720 595 1787 unde
617 1720 721 1787 ualeat
749 1720 866 1786 erudiri
895 1721 1069 1786 doctricem
1096 1720 1254 1789 scutorum

125 1826 174 1890 uel
195 1824 347 1890 instituta
369 1824 601 1907 contempserit,
625 1826 715 1906 ptrni
736 1823 873 1907 pendens
896 1822 976 1891 illud
998 1823 1155 1906 eloquium
1171 1824 1254 1905 cuod

126 1929 248 2011 oportet
269 1926 509 2009 diligentissime
530 1926 693 1992 custodiri:
724 1926 931 2009 interroga
951 1929 1104 2009 patrem
1126 1930 1253 2005 tuum,

126 2031 161 2093 et
187 2030 448 2097 adnuntiabit
474 2032 566 2098 tibi:
597 2030 779 2096 seniores
806 2033 911 2106 tuos,
941 2034 981 2095 et
1008 2030 1140 2096 dicent
1161 2032 1253 2099 tibi.

96 2176 117 2215 n
166 2150 254 2215 XVI.
279 2149 373 2216 Omni
395 2151 494 2235 igitur
516 2154 628 2217 conatu
651 2150 742 2217 debet
774 2150 971 2215 discretionis
996 2152 1110 2217 bonnm
1133 2153 1252 2217 uirtute

125 2252 316 2320 humilitatis
339 2254 471 2337 adquiri,
494 2271 573 2336 qnae
594 2272 648 2320 nos
671 2254 803 2320 inlaesos
818 2254 858 2319 ab
872 2256 1006 2337 utraque
1020 2253 1122 2336 potest
1137 2253 1251 2321 nimie·

126 2356 190 2420 tate
213 2374 349 2422 seruare.
374 2358 465 2421 uetus
484 2375 617 2439 namque
639 2358 796 2421 sententia
816 2359 880 2422 est:
902 2353 1074 2444 ἀκρότητες
1095 2351 1251 2444 inermen,

124 2458 155 2521 id
178 2468 227 2524 est
249 2458 426 2526 nimietates
449 2459 591 2541 aequales
613 2466 695 2525 sunt.
730 2460 768 2525 ad
784 2478 881 2525 unam
896 2461 980 2525 enim
995 2461 1089 2526 finem
1105 2460 1251 2525 nimietas

126 2560 234 2626 ieiunii
263 2579 300 2627 ac
328 2564 480 2627 ucracitas
509 2564 662 2644 peruenit,
693 2564 863 2645 eodemque
884 2564 1045 2648 dispendio
1067 2564 1249 2647 uigiliarum

94 2686 117 2726 a
127 2664 318 2730 inmoderata
340 2664 532 2731 continuatio
556 2665 742 2731 monachum
758 2682 818 2747 quo
833 2668 932 2732 somni
948 2666 1127 2749 parisini
1143 2668 1250 2749 torpor

126 2767 269 2833 inuoluit.
308 2788 380 2833 nam
403 2787 458 2852 per
472 2786 633 2834 excessum
654 2768 866 2836 continentiae
881 2768 1082 2835 debilitatum
1098 2788 1251 2853 quemque

126 2870 164 2935 nd
186 2870 278 2935 illum
298 2872 416 2936 statum
431 2872 569 2937 reuocari
592 2890 713 2937 necesse
736 2873 794 2951 est,
816 2870 850 2937 in
866 2890 927 2954 quo
940 2873 1107 2956 neglegens
1122 2874 1251 2956 quisque

126 2992 179 3056 per
193 2974 347 3039 incuriam
362 2973 528 3054 detinetur,
543 2974 590 3039 ita
604 2976 642 3039 ut
656 2974 832 3057 frequenter
844 2993 921 3057 qnos
932 2994 987 3059 per
997 2976 1251 3060 gastrimargiam

126 3078 224 3161 decipi
253 3095 315 3144 non
344 3079 483 3160 potuisse
513 3080 734 3161 conspeximus,
760 3098 815 3161 per
836 3081 1114 3147 inmoderatr'cnem
1135 3081 1252 3146 ieiuni·

95 3202 118 3243 a
127 3200 214 3247 orum
236 3182 408 3249 uiderimus
424 3182 519 3249 luisse
534 3182 668 3249 deiectos
691 3182 785 3264 atque
800 3184 841 3247 ad
855 3184 985 3251 eandem
999 3201 1093 3266 quam
1108 3184 1251 3250 uicerant

126 3284 300 3368 passionem
328 3284 523 3351 infirmitatis
548 3286 708 3351 occasione
730 3285 902 3369 conlapsos.
924 3287 1054 3367 uigiliae
1075 3303 1197 3368 quoque
1217 3291 1281 3357 cti

126 3387 373 3469 pernoctationes
394 3386 629 3453 inrationabiles
656 3388 837 3453 deiecerunt
857 3406 934 3471 qnos
957 3406 1085 3455 somnus
1105 3406 1251 3473 superare

127 3508 184 3556 non
205 3491 320 3573 potnit.
357 3491 544 3574 quapropter
565 3488 736 3555 secundum
760 3490 938 3574 apostolum
966 3509 1033 3573 per
1061 3508 1167 3557 arma
1196 3494 1250 3557 iu·

224 3688 399 3755 luctas
486 3692 519 3745 13
536 3690 617 3745 Dent.
634 3690 713 3756 327
795 3692 860 3745 17¹?
946 3692 1103 3749 2811001.
1123 3695 1181 3759 6,ἵ

174 3874 357 3931 lascendisac
371 3876 507 3943 (adarca.
520 3894 554 3931 m.
567 3878 596 3941 2)
614 3876 645 3931 D
735 3876 810 3947 dac]
823 3894 839 3932 a
853 3877 899 3934 W¹
989 3880 1080 3936 ccum
1093 3882 1150 3937 illis
1162 3882 1251 3953 inqui-

127 3960 209 4015 ensD
298 3960 331 4015 10
342 3961 417 4015 nullo
430 3962 470 4016 D¹
561 3962 594 4015 13
605 3960 815 4033 diligenteeeimc
824 3962 868 4018 1)ι
954 3966 1183 4023 maumam·

129 4047 157 4103 lt
179 4048 291 4103 maiores
313 4048 368 4117 (rna
385 4048 416 4101 in
433 4064 488 4103 rae.
505 4065 540 4102 aa
558 4050 586 4116 2)
604 4048 635 4102 D
653 4055 680 4102 et
702 4048 778 4119 Valp.
883 4052 913 4105 17
937 4056 979 4107 est
999 4054 1132 4109 mutantia
1154 4052 1183 4107 D

127 4165 203 4233 alpe·
228 4172 258 4231 (τ
278 4169 359 4235 καθ.)
382 4140 605 4223 &terracmam
624 4168 655 4223 D
690 4170 1028 4238 utpomsarnrccntrcerr
1052 4173 1089 4227 W
1121 4188 1250 4231 monn-

127 4264 189 4306 rnnc
203 4266 358 4307 xccmarc
374 4251 406 4307 X
423 4254 636 4322 (mammaeam
656 4254 690 4322 O)
776 4254 812 4310 20
829 4272 967 4312 monacum
988 4258 1012 4313 0
1099 4259 1134 4315 21
1150 4258 1250 4315 debeli-

128 4338 210 4390 tstum
237 4336 267 4392 D
384 4342 679 4407 quemque...eacum
706 4356 754 4394 cm.
788 4341 811 4396 0
930 4342 965 4397 22
990 4344 1129 4414 neclegens
1159 4345 1182 4401 0

127 4419 160 4474 23
175 4420 314 4476 detenetur
334 4422 382 4477 W¹
484 4421 519 4477 25
536 4422 623 4493 adque
639 4424 681 4479 D¹
786 4442 840 4495 qua
857 4426 887 4481 D
985 4428 1112 4484 uiderant
1132 4430 1181 4485 W¹
