3092 4967
325 413 388 481 162
718 405 882 463 Iohannis
900 406 1058 463 Cassiani

320 602 437 687 quibus
469 599 638 685 inpugnari
669 601 800 683 putatur
832 596 973 665 aduersis
1011 600 1174 681 tamquam
1207 598 1305 664 armis
1339 598 1435 665 amodo

322 706 428 788 eisque
460 702 550 769 uelut
572 721 645 769 arcu
667 702 699 766 ct
721 700 828 785 gladio
862 700 1011 783 ecumque
1033 699 1231 767 ualidissimo
1253 701 1361 767 contra
1381 700 1436 767 illos

320 809 377 893 qui
405 809 482 873 baec
511 805 659 893 ingerunt
688 802 891 871 conmunitns
921 802 1095 889 proiectum
1124 822 1199 869 suae
1224 804 1392 889 patientiae
1409 823 1436 869 ao

321 910 452 978 uirtutis
481 908 635 992 adquirat,
663 906 928 993 gloriosissimum
960 904 1154 973 constantiae
1187 906 1384 991 triumphum
1409 926 1437 971 er

322 1013 397 1099 ipsis
419 1032 497 1099 quae
517 1012 657 1079 letaliter
679 1011 859 1079 inferuntur
888 1010 1014 1095 capiens
1036 1010 1175 1077 bostium
1198 1010 1280 1091 telis,
1304 1029 1360 1077 nec
1379 1027 1460 1095 pros

319 1119 418 1201 aperis
441 1116 606 1183 dumtaxat
627 1115 729 1181 elatus
752 1134 811 1181 nee
833 1114 969 1181 deiectus
993 1113 1140 1194 aduersis,
1164 1116 1218 1180 sed
1233 1112 1346 1180 itinere
1360 1114 1437 1199 plano

320 1239 360 1287 ac
392 1220 446 1287 uia
479 1221 566 1305 regia
592 1238 714 1302 semper
741 1218 900 1295 incedens,
935 1216 975 1284 ab
1011 1218 1066 1284 illo
1097 1217 1338 1302 tranquillitatis
1365 1218 1437 1283 statu

322 1342 519 1409 naquaquam
540 1321 666 1389 laetitia
690 1320 929 1406 superueniente
953 1323 1041 1406 quasi
1056 1322 1088 1387 in
1105 1320 1262 1388 dexteram
1278 1322 1380 1387 motus
1393 1338 1438 1385 uec

322 1426 543 1514 ingruentibus
570 1425 711 1494 aduersis
739 1425 935 1509 tristitiaque
957 1424 1135 1492 dominante
1158 1426 1247 1492 uelut
1269 1424 1308 1491 ad
1330 1424 1436 1491 laeuam

322 1549 430 1597 rursus
459 1530 614 1614 inpulsus.
651 1548 721 1613 pan
751 1526 835 1595 enim
864 1528 990 1595 multa
1018 1527 1293 1613 diligentibus
1316 1546 1462 1595 nomano

289 1636 449 1704 4tuum:
480 1633 517 1699 et
547 1652 622 1699 non
652 1636 710 1698 est
739 1632 830 1699 illis
860 1632 1100 1699 scandalum.
1138 1634 1176 1699 de
1205 1632 1270 1699 illis
1293 1650 1374 1716 uero,
1395 1629 1438 1714 qui
1517 1692 1518 1723 1

323 1756 381 1821 per
403 1735 544 1821 singulos
570 1736 762 1803 incurrentes
785 1754 875 1802 casus
897 1755 952 1821 pro
981 1754 1087 1802 eorum
1113 1736 1268 1820 qualitate
1292 1754 1329 1802 ac
1350 1736 1439 1801 uarie·

324 1843 391 1907 tate
423 1841 596 1918 mutantur,
630 1840 677 1904 ita
708 1840 839 1907 dicitur:
874 1839 1031 1906 stultus
1066 1841 1194 1905 autem
1227 1840 1336 1906 siout
1361 1838 1439 1902 lura

324 1942 560 2010 mutabitur.
597 1944 633 2008 ut
665 1943 749 2009 enim
784 1944 822 2009 de
855 1942 1001 2026 perfectis
1029 1961 1066 2008 ac
1093 1942 1287 2027 sapientibus
1322 1942 1438 2009 dicitur:

325 2045 596 2131 diligentibus
629 2047 742 2113 deum
777 2046 899 2112 omnia
925 2049 1194 2130 cooperantur
1222 2046 1269 2111 ad
1298 2046 1465 2119 bonum‚o

323 2149 371 2215 ita
392 2150 431 2216 de
451 2148 584 2215 infirmis
606 2150 826 2233 pronuntiatur
840 2167 877 2215 ac
892 2149 1017 2216 stultis:
1034 2148 1163 2216 omnia
1184 2148 1350 2215 aduersa
1366 2148 1439 2213 uiro

322 2252 554 2336 insipienti.
591 2271 649 2320 nec
674 2252 831 2338 prosperis
854 2253 939 2318 enim
954 2251 1047 2319 rebus
1062 2252 1185 2337 proficit
1200 2270 1257 2318 nee
1271 2250 1440 2318 emendatur

322 2356 470 2423 aduersis.
508 2356 648 2423 eiusdem
671 2374 807 2439 namque
830 2354 960 2423 uirtutis
983 2357 1031 2421 est
1046 2355 1151 2423 tristia
1167 2356 1292 2423 fortiter
1307 2356 1438 2427 tolcam,

322 2461 410 2525 cuius
443 2459 541 2527 etiam
573 2455 709 2523 secunda
742 2456 909 2533 moderari,
943 2458 975 2521 et
1009 2475 1081 2523 eum
1110 2457 1164 2543 qui
1194 2456 1227 2522 in
1257 2475 1319 2522 nno
1346 2474 1440 2521 eorum

322 2563 486 2644 superatur
514 2564 664 2627 neutrum
691 2558 833 2626 subferre
861 2558 1073 2626 certissimum
1102 2564 1160 2627 est.
1199 2558 1324 2627 facilius
1345 2561 1467 2625 tamena

321 2664 393 2746 quis
415 2662 492 2729 elidi
513 2664 616 2747 potest
631 2662 789 2747 prosperis
804 2682 898 2747 quam
914 2665 1064 2731 aduersis.
1099 2664 1178 2731 haec
1193 2664 1277 2730 enim
1293 2664 1441 2729 interdum

324 2765 420 2831 etiam
448 2766 566 2832 inuitos
594 2766 733 2832 retinent
755 2771 851 2849 atque
877 2766 1046 2835 humiliant
1067 2772 1099 2833 at
1122 2769 1346 2851 conpunctione
1367 2765 1441 2831 salu·

322 2868 459 2935 berrima
491 2868 542 2935 uel
569 2871 674 2935 minus
702 2887 829 2951 peecare
858 2870 979 2936 iaciunt
1006 2870 1058 2937 uel
1086 2871 1269 2937 emendant:
1299 2871 1356 2938 illa
1375 2884 1441 2933 uero

321 2971 471 3038 mollibus
485 2980 624 3039 mentem
639 2991 676 3039 ac
690 2974 871 3057 perniciosis
889 2974 1073 3040 extollentia
1087 2974 1313 3041 blandimentis
1328 2988 1440 3040 securos

321 3075 484 3142 felicitatis
506 3094 580 3143 suae
601 3078 755 3159 prouentu
783 3078 873 3143 ruina
894 3077 1011 3144 maiore
1033 3080 1245 3161 prosternunt.
1449 3094 1470 3134 ἥ

365 3178 404 3243 X.
441 3179 501 3245 Isti
538 3183 612 3246 sunt
648 3197 723 3264 ergo
760 3180 814 3263 qni
850 3180 1025 3265 figuraliter
1061 3183 1096 3247 in
1132 3182 1296 3267 scripturis
1334 3178 1441 3249 sanctis

321 3278 598 3370 ἅμφοτεροδὲξιοι,
627 3282 661 3347 id
684 3286 732 3349 est
755 3282 945 3349 ambidextri
973 3286 1202 3368 nuncupantur,
1232 3288 1269 3350 ut
1290 3282 1345 3351 ille
1367 3278 1442 3348 ioth

425 3469 691 3535 mmmm
796 3468 1035 3537 mmmm
1140 3470 1383 3537 amam

324 3554 357 3607 ue
375 3554 452 3612 arev.
471 3554 512 3620 ιι,
531 3555 546 3609 u
565 3554 660 3624 (nnn)

375 3724 541 3791 lpntamur
563 3724 651 3779 D¹lV
749 3726 767 3779 2
795 3726 965 3782 ualedissimo
989 3727 1033 3783 D¹
1136 3728 1200 3783 illus
1228 3729 1253 3784 V
1355 3724 1444 3784 4uir-

321 3812 396 3867 tutes
418 3809 458 3863 D¹
561 3812 579 3866 5
601 3810 745 3867 hostilium
767 3812 794 3869 V
820 3813 920 3868 ostium
941 3815 981 3871 W
1080 3815 1097 3868 6
1120 3815 1222 3870 itenere
1243 3813 1281 3872 V¹
1310 3816 1339 3870 in
1357 3816 1444 3870 itinere

319 3912 364 3969 ιν
459 3913 672 3985 aususque]
690 3902 834 4002 manni
858 3918 897 3973 ur
992 3918 1025 3973 ua
1042 3918 1165 3989 erogans
1187 3918 1223 3975 u¹
1320 3920 1353 3975 re
1369 3928 1443 3987 qua-

321 4016 486 4086 pcranturO
572 4018 605 4072 16
616 4018 770 4074 aduersaria
782 4019 890 4077 D¹W0
979 4021 1011 4076 18
1022 4020 1140 4077 tristitia
1151 4021 1281 4079 D¹w¹0¹
1308 4019 1443 4078 tristitiam

321 4100 393 4157 ΠΧ
493 4102 528 4157 22
551 4102 654 4158 inuitus
676 4104 704 4159 V
803 4106 839 4161 24
862 4107 1007 4162 monilibus
1029 4108 1053 4164 0
1155 4108 1308 4178 pernitiosis
1331 4106 1381 4164 VD

320 4202 427 4243 securus
451 4188 477 4245 V
570 4188 606 4244 26
623 4191 724 4245 sanctis
741 4192 837 4248 om.0
932 4192 965 4247 tl
984 4195 1248 4265 aucoreponeqsto)
1271 4196 1298 4253 V
1324 4197 1442 4253 aucore-

319 4277 428 4416 pxoletro
453 4274 497 4416 Dt
517 4275 758 4419 ὃαΙΦῗῖρέωξιοι
789 4279 828 4336 W
862 4284 1083 4351 morepllearcr
1110 4283 1135 4339 0
1173 4284 1441 4353 neeocesponeuor

452 4377 483 4417 ao
570 4378 602 4418 ao
