3092 4967
319 400 383 470 396
710 396 876 453 Iohannis
896 395 1053 452 Cassiani

319 588 418 653 semel
440 586 507 669 ipse
529 588 677 653 concessit
699 586 820 653 arbitrii
842 585 1031 651 libertatem.
1067 586 1096 651 si
1109 585 1185 668 quid
1200 604 1274 651 sane
1288 584 1433 653 nersntins

319 689 457 758 humana
489 689 758 773 argumentatione
794 707 833 754 ao
868 689 987 753 ratione
1024 688 1193 756 collectum
1228 688 1301 755 hnic
1336 687 1431 754 sensui

319 792 443 857 uidetur
465 791 623 872 obsistere,
646 792 813 858 nitendum
835 790 935 873 magis
958 793 1006 858 est
1030 807 1124 873 quam
1141 790 1181 855 ad
1198 789 1432 855 destructionem

318 892 389 961 fidoi
411 898 639 977 prouocandum
674 894 749 977 (non
776 895 861 960 enim
890 892 985 957 fidem
1012 911 1049 957 ex
1074 893 1250 975 intellectu,
1272 893 1325 957 sed
1347 892 1432 956 intel-

318 996 434 1061 lectum
463 1015 618 1063 meremur
649 1015 685 1061 ox
715 996 788 1079 fide,
815 998 897 1061 sient
925 995 1077 1079 scriptum
1106 997 1169 1061 ost:
1203 996 1287 1060 nisi
1320 993 1460 1059 credi-⁵

317 1098 481 1177 duritie,
511 1117 585 1167 non
614 1098 892 1184 intellegitis),
923 1087 1289 1191 qnia‚„quemadrnodrim
1311 1102 1343 1166 et
1364 1096 1431 1163 dens

317 1201 424 1269 omnia
446 1202 593 1287 operetur
614 1204 646 1267 in
668 1202 758 1272 nobis
781 1207 813 1270 et
835 1203 937 1270 toturn
959 1200 1058 1267 libero
1081 1200 1276 1267 adscribatur
1298 1198 1430 1271 arbitrio.

316 1303 509 1389 adplenum
538 1305 675 1374 humano
698 1323 792 1369 sensu
815 1322 851 1369 ec
873 1304 992 1383 ratione
1013 1322 1075 1371 non
1097 1309 1200 1386 potest
1223 1300 1428 1387 conprehendi.

358 1426 426 1491 Hoc
449 1443 506 1493 nos
530 1426 639 1491 beatus
670 1424 860 1493 Chaeremon
889 1425 1087 1495 confirmatos
1116 1427 1184 1491 cibo
1206 1424 1345 1493 laborem
1364 1423 1431 1489 iecit

316 1530 382 1595 tem
404 1528 484 1593 inuti
505 1530 628 1597 itineris
651 1547 712 1597 non
735 1531 860 1597 sentire.
1437 1552 1458 1591 u

418 1711 523 1769 ditoni.
542 1714 566 1775 i,
584 1713 600 1769 9
619 1711 715 1783 (Lxx)

368 1882 463 1951 lqnis
484 1880 543 1934 ΣΟ
634 1880 872 1935 ddestrictionem
891 1880 919 1932 Σ
1009 1879 1210 1949 dintcllegetis
1227 1880 1259 1932 Π
1345 1881 1428 1948 'tope-

316 1969 393 2020 rstnr
415 1966 445 2017 Π
546 1967 681 2021 scribatur
702 1968 733 2018 Π
830 1965 1160 2035 manumissiones
1181 1966 1278 2021 nov:
1308 1982 1366 2022 cunr
1381 1964 1428 2031 (cni

315 2050 372 2117 Oo)
390 2050 506 2107 dicitnr:
535 2053 564 2107 si
587 2052 789 2117 uolueritis,
810 2055 845 2107 st
862 2051 1051 2107 audieritis
1069 2068 1128 2115 me,
1150 2067 1235 2121 qnae
1258 2053 1343 2108 bona
1356 2056 1427 2124 sunt

314 2140 427 2193 terrae
444 2138 698 2210 manducabitis
716 2138 807 2207 (Eut
818 2143 844 2202 1,
855 2141 902 2204 19)
920 2138 956 2204 cf.
975 2154 1035 2209 cap.
1054 2141 1081 2201 9,
1098 2140 1119 2190 2
1205 2138 1222 2193 9
1240 2138 1314 2193 cibos
1331 2137 1367 2191 Σ1

313 2224 406 2280 labore
422 2225 461 2275 Π1
550 2225 582 2281 10
601 2228 655 2279 tam
668 2225 749 2279 inniti
764 2226 792 2276 Σ
817 2225 927 2279 tantit'
1010 2224 1127 2292 Explicit
1139 2224 1247 2278 abbatis
1260 2220 1426 2279 chaeremonis

313 2310 393 2377 (chen.
406 2311 438 2375 Y)
458 2310 490 2365 do
508 2312 669 2378 protectione
688 2311 729 2364 dei
748 2311 873 2380 (conlatio
895 2310 962 2365 -m-
979 2307 1043 2364 odd.
1055 2310 1094 2374 Π)
1114 2308 1205 2362 ΣΠΤ
1237 2310 1339 2379 incipit
1355 2309 1426 2375 (inoc-

314 2395 356 2463 pit
373 2395 423 2463 11¹)
443 2396 560 2450 conlatio
579 2394 684 2450 abbatis
702 2397 843 2449 nesterotis
861 2396 894 2450 de
911 2394 1028 2465 spiritaii
1046 2396 1158 2449 scientia
1175 2395 1301 2464 (stientia
1316 2395 1354 2447 Πι
1370 2408 1425 2463 pus·

313 2481 375 2545 osa)
399 2481 472 2537 ΣΠε
498 2496 548 2535 ost
571 2482 597 2533 Y
629 2481 768 2551 Incipiunt
792 2480 911 2549 capitula
934 2481 1062 2552 (capitulo
1084 2484 1130 2548 1⁰¹)
1153 2482 1315 2537 conlationis
1336 2481 1425 2550 prins

314 2568 364 2635 (pr.
389 2582 440 2623 om.
464 2568 498 2629 P>
520 2566 626 2624 obtatis
648 2568 793 2626 nesterotis
814 2568 848 2623 de
869 2567 986 2637 spiritati
1009 2567 1123 2626 odientia
1144 2568 1215 2621 Ht':
1242 2584 1294 2623 osa
1316 2567 1343 2619 Σ
1367 2564 1423 2621 esd

313 2652 426 2724 scriptio
444 2658 577 2724 cernente
594 2653 627 2709 io
644 2653 669 2706 Ο
