3092 4967
500 445 662 503 Oculatio
685 445 868 511 xxl1‚1-a.
1185 450 1248 516 old

115 635 170 701 sed
192 636 232 701 de
254 636 418 703 nimietate
439 636 626 718 praeteritae
646 636 822 702 saturitatis
844 634 1025 701 effunditur.
1058 638 1140 720 quod
1163 639 1277 708 enimt

115 758 170 822 per
192 738 374 805 uoroeitutia
390 738 563 824 ingluuiem
579 742 755 805 concretum
782 739 886 804 fuerat
899 741 932 805 in
946 740 1106 820 medullis,
1121 759 1246 809 necesse

115 844 163 909 est
193 844 229 907 ut
258 862 311 926 per
338 844 503 926 pruritum,
534 844 620 907 certe
648 860 702 925 per
731 842 941 926 ignorantiam
967 844 1113 925 quamuis
1134 860 1246 928 mmo

114 946 236 1013 ieiunio
269 946 418 1013 tabefacti
450 945 585 1029 corporis
618 950 772 1031 egeratur.
819 947 1021 1030 quamobrem
1055 966 1116 1013 non
1145 949 1246 1015 solum

93 1051 303 1117 elautioritus
330 1049 430 1135 epulis
460 1050 690 1125 abstinendum,
719 1050 773 1115 sed
803 1050 900 1115 etiam
928 1070 947 1117 a
975 1050 1138 1117 uilioritus
1165 1050 1246 1117 cibis

114 1153 242 1237 aequali
264 1156 311 1219 est
333 1153 527 1219 coutinentia
549 1153 802 1236 temperandum:
821 1154 917 1217 immo
932 1153 1031 1235 ipsius
1046 1154 1142 1220 etiam
1158 1156 1245 1236 panis

113 1264 146 1323 et
169 1274 269 1341 aquae
292 1258 422 1323 satietas
445 1258 492 1324 est
514 1258 664 1333 cauenda,
691 1260 727 1321 ut
748 1259 847 1338 possit
868 1258 923 1321 diu
936 1258 968 1322 in
985 1257 1074 1324 nobis
1089 1257 1247 1340 adquisita

113 1362 252 1445 corporis
267 1360 389 1444 puritas
403 1379 583 1443 permanere
601 1364 696 1442 atque
707 1360 827 1425 imitari
838 1363 1064 1443 quodammodo
1076 1363 1245 1429 intemera-

112 1466 183 1533 tam
206 1464 338 1546 spiritus
363 1452 550 1542 cast'tatern,
567 1464 643 1528 licet
663 1480 719 1527 uos
735 1482 860 1529 necesse
875 1465 918 1528 sit
933 1463 1073 1529 confiteri
1086 1463 1244 1530 interdum

79 1568 214 1637 raetiam
243 1566 360 1651 eisque
388 1567 453 1632 ulla
481 1566 596 1633 mentis
625 1567 784 1633 industria
813 1568 864 1631 uel
895 1586 951 1650 per
973 1568 1155 1650 temperiem
1178 1586 1244 1633 cor-

112 1688 228 1753 porum
260 1672 312 1735 uel
341 1689 396 1754 per
425 1670 537 1736 astatis
559 1672 776 1737 maturitatem
797 1671 948 1753 quosdam
970 1671 1071 1735 rarius
1092 1672 1244 1737 sordidari

87 1786 91 1795 ·
111 1774 167 1839 uel
191 1775 276 1838 certe
297 1772 398 1840 fluxus
414 1772 504 1839 istius
521 1775 677 1857 egestione
699 1793 759 1839 uon
776 1774 885 1855 pollui.
921 1772 976 1837 sed
991 1773 1122 1842 alterius
1136 1774 1275 1845 meriti3

111 1880 161 1941 est
198 1876 251 1959 qui
288 1893 396 1957 paoem
439 1877 533 1944 inerti
577 1876 728 1943 felicitate
772 1879 978 1959 consequitur,
1022 1878 1154 1944 alterius
1191 1880 1244 1961 qui

110 1981 312 2063 triumphum
360 1980 504 2063 gloriosis
548 1980 722 2047 uirtutibus
765 1984 973 2064 promeretur:
1022 1981 1115 2048 huius
1159 1982 1245 2047 euim

78 2086 255 2167 ispotentie
291 2083 441 2151 uitiorum
478 2088 618 2152 omnium
656 2086 838 2153 debellatrix
872 2085 967 2169 digua
999 2086 1152 2151 miraculo
1185 2088 1244 2167 est,

110 2188 218 2263 illurn,
249 2206 341 2269 quem
370 2187 443 2257 boni
472 2190 641 2255 necessitas
670 2188 703 2253 in
732 2206 789 2253 sua
816 2192 924 2253 tuetur
952 2188 1090 2271 ignauia,
1112 2188 1245 2272 dignum

110 2291 215 2375 magis
238 2290 368 2355 dixerim
389 2292 594 2357 miseratione
616 2309 709 2373 quem
738 2290 838 2355 leude.
872 2289 1008 2356 secundo
1029 2291 1136 2373 inpuri
1156 2289 1273 2360 illiued

109 2393 258 2477 profluuii
281 2410 374 2461 cauea
395 2396 453 2470 est,
476 2393 505 2459 si
526 2412 613 2459 mens
635 2393 831 2475 spiritalibus
847 2392 961 2459 studiis
975 2397 1070 2475 atque
1084 2393 1243 2458 exercitiis

109 2500 247 2565 uacuata
274 2514 333 2561 nec
361 2497 535 2579 disciplinis
563 2496 721 2563 interioris
749 2497 886 2565 hominis
914 2497 1062 2574 instituta
1087 2496 1242 2578 quendam

75 2600 174 2667 esioi
212 2601 366 2685 segnitiae
409 2600 506 2667 situm
542 2618 596 2682 per
633 2600 889 2667 consuetudinem
933 2602 1072 2665 continui
1107 2600 1241 2683 torporis

109 2704 286 2785 obduxerit,
312 2708 367 2769 aut
402 2722 472 2769 cum
506 2702 699 2769 sordidarum
735 2704 961 2787 cogitationum
996 2705 1149 2771 minutiae
1182 2720 1243 2769 non

109 2806 254 2874 cauendo
282 2806 330 2873 ita
359 2806 446 2873 illam
479 2805 579 2871 cordis
609 2806 868 2872 sublimissimam
902 2809 1073 2890 puritatem
1103 2809 1242 2890 segniter

10 2918 18 2943 ⁹
109 2910 314 2991 concupiscit,
344 2913 381 2975 ut
408 2926 532 2975 omnem
562 2910 761 2992 perfectiouis
790 2912 824 2974 et
851 2912 1052 2976 castimoniae
1085 2929 1242 2979 summam

107 3014 144 3077 in
168 3012 236 3079 sola
258 3013 365 3077 credat
387 3012 547 3077 exterioris
564 3012 700 3078 hominis
717 3013 923 3097 castigatione
938 3015 1118 3081 consistere.
1152 3017 1241 3081 cuius

76 3117 223 3185 serroris
256 3120 350 3197 atque
383 3118 541 3182 socordiae
575 3116 654 3181 uitio
692 3120 915 3199 consequenter
947 3118 1078 3190 eueniet,
1114 3120 1246 3183 utnon

110 3219 215 3285 solum
246 3218 434 3285 multimoda
457 3218 682 3301 cogitationum
708 3220 893 3302 peruagatio
916 3220 1124 3285 inuerecuude
1147 3224 1242 3302 atque

108 3320 285 3403 procaciter
314 3324 470 3387 secretum
498 3322 612 3387 mentis
641 3324 809 3417 inrumpat,
838 3322 894 3387 aed
916 3322 1012 3389 etiam
1034 3323 1242 3405 pristinarum

110 3423 253 3489 omnium
276 3424 458 3506 passionum
473 3424 559 3489 intra
574 3442 641 3489 eam
658 3425 778 3491 semina
793 3432 1001 3507 perseuerent
1034 3444 1113 3508 quae
1129 3433 1271 3509 quam-5

163 3696 180 3750 3
202 3696 248 3751 uel
265 3699 337 3752 certe
358 3698 398 3752 B²
428 3700 476 3753 aut
494 3700 563 3753 certe
581 3698 642 3753 Ζίι
659 3699 694 3765 cf.
712 3698 736 3765 1,
756 3702 790 3754 12
892 3700 909 3754 6
932 3700 1014 3754 etlam
1036 3703 1122 3771 ipsius
1149 3702 1173 3759 0
1288 3705 1292 3710 ’

109 3780 126 3836 8
149 3782 239 3850 adque
260 3782 287 3836 Β
391 3782 579 3838 interemtam
604 3784 635 3838 F
742 3785 777 3838 10
798 3786 885 3854 abque
909 3786 940 3841 F
1039 3794 1149 3857 propter
1171 3793 1240 3843 tam·

109 3868 213 3937 perlem
237 3868 296 3923 BF
398 3871 430 3925 13
453 3870 554 3925 inhsrti
578 3872 638 3927 BF
737 3872 769 3927 16
788 3872 851 3927 boui
869 3874 1022 3943 necessitas]
1040 3874 1158 3929 tacultm
1175 3876 1239 3929 boui

111 3955 190 4024 0²do
295 3954 420 4027 dignum]
444 3956 602 4011 censendum
627 3958 667 4027 βυ
690 3958 728 4027 (Ζ
742 3959 775 4013 isa
792 3975 877 4029 marg.
895 3975 930 4013 ιιι.
948 3962 982 4014 2:
1010 3962 1037 4013 el
1054 3963 1172 4028 διιιιιιιι)

109 4038 142 4091 17
161 4040 343 4110 miseratione]
356 4041 566 4111 securitatemd
592 4042 770 4099 securitates
856 4044 963 4099 laudem
974 4044 1044 4099 K‘Z
1129 4047 1162 4100 18
1180 4063 1239 4115 prc-

108 4123 157 4179 fiui
182 4127 210 4179 iu
235 4142 314 4181 causa
336 4126 414 4181 ΒΨ
528 4129 563 4183 20
586 4131 718 4199 segnitiae
740 4130 843 4183 K‘Zr:
872 4130 1001 4199 signitiac
1023 4130 1065 4185 Ι(ι
1094 4132 1237 4201 segnitiem

108 4211 215 4267 B¹F¹0
244 4211 371 4281 segnitiei
389 4213 488 4269 B’fflc
597 4215 632 4269 22
650 4215 830 4271 sublimiseam
848 4216 888 4270 Βι
996 4218 1112 4285 signiter
1129 4217 1170 4271 K'

108 4296 142 4351 24
170 4297 274 4367 credet]
301 4298 416 4367 quedem
447 4300 469 4355 0
571 4300 606 4357 25
630 4300 717 4370 adque
739 4301 876 4357 socordiae
899 4317 934 4357 coe
958 4302 992 4356 ad
1013 4317 1112 4371 quaeso
1134 4302 1239 4357 cordiae

108 4382 138 4437 F
239 4384 274 4437 28
291 4386 387 4455 eumd
