<?xml version="1.0" encoding="UTF-8"?>
<!DOCTYPE html PUBLIC "-//W3C//DTD XHTML 1.0 Transitional//EN"
    "http://www.w3.org/TR/xhtml1/DTD/xhtml1-transitional.dtd">
<html xmlns="http://www.w3.org/1999/xhtml" xml:lang="en" lang="en">
 <head>
  <title>
</title>
<meta http-equiv="Content-Type" content="text/html;charset=utf-8" />
  <meta name='ocr-system' content='tesseract 3.04.00' />
  <meta name='ocr-capabilities' content='ocr_page ocr_carea ocr_par ocr_line ocrx_word'/>
</head>
<body>
  <div class='ocr_page' id='page_1' title='image "./iohanniscassian00petsgoog_0362.png"; bbox 0 0 3092 4967; ppageno 0'>
   <div class='ocr_carea' id='block_1_1' title="bbox 280 444 1011 513">
    <p class='ocr_par' dir='ltr' id='par_1_1' title="bbox 280 444 1011 513">
     <span class='ocr_line' id='line_1_1' title="bbox 280 444 1011 513; baseline -0.011 -6"><span class='ocrx_word' id='word_1_1' title='bbox 280 448 343 513; x_wconf 81' lang='lat'>352</span> <span class='ocrx_word' id='word_1_2' title='bbox 672 444 836 501; x_wconf 71' lang='lat' dir='ltr'>Iohannis</span> <span class='ocrx_word' id='word_1_3' title='bbox 856 444 1011 502; x_wconf 70' lang='lat' dir='ltr'>Cassiani</span> 
     </span>
    </p>
   </div>
   <div class='ocr_carea' id='block_1_2' title="bbox 253 634 1437 1646">
    <p class='ocr_par' dir='ltr' id='par_1_2' title="bbox 253 634 1437 1646">
     <span class='ocr_line' id='line_1_2' title="bbox 281 634 1400 718; baseline 0 -17"><span class='ocrx_word' id='word_1_4' title='bbox 281 635 534 718; x_wconf 70' lang='lat' dir='ltr'><strong>supplantatione</strong></span> <span class='ocrx_word' id='word_1_5' title='bbox 549 636 699 701; x_wconf 88' lang='lat' dir='ltr'>uitiorum</span> <span class='ocrx_word' id='word_1_6' title='bbox 714 634 931 718; x_wconf 72' lang='lat' dir='ltr'>onsupefccto</span> <span class='ocrx_word' id='word_1_7' title='bbox 946 635 1073 702; x_wconf 80' lang='lat' dir='ltr'>femoris</span> <span class='ocrx_word' id='word_1_8' title='bbox 1089 655 1183 701; x_wconf 91' lang='lat' dir='ltr'>usruo</span> <span class='ocrx_word' id='word_1_9' title='bbox 1198 639 1238 702; x_wconf 87' lang='lat' dir='ltr'>nd</span> <span class='ocrx_word' id='word_1_10' title='bbox 1252 636 1400 702; x_wconf 83' lang='lat' dir='ltr'>Ismbelin</span> 
     </span>
     <span class='ocr_line' id='line_1_3' title="bbox 281 738 1401 822; baseline 0.003 -20"><span class='ocrx_word' id='word_1_11' title='bbox 281 740 428 803; x_wconf 87' lang='lat' dir='ltr'>meritum</span> <span class='ocrx_word' id='word_1_12' title='bbox 448 740 601 822; x_wconf 85' lang='lat' dir='ltr'>perpetus</span> <span class='ocrx_word' id='word_1_13' title='bbox 621 739 721 803; x_wconf 85' lang='lat' dir='ltr'>cordis</span> <span class='ocrx_word' id='word_1_14' title='bbox 737 738 907 805; x_wconf 74' lang='lat' dir='ltr'>directione</span> <span class='ocrx_word' id='word_1_15' title='bbox 922 740 1116 805; x_wconf 76' lang='lat' dir='ltr'>conscendet.</span> <span class='ocrx_word' id='word_1_16' title='bbox 1155 756 1247 821; x_wconf 90' lang='lat' dir='ltr'>quom</span> <span class='ocrx_word' id='word_1_17' title='bbox 1262 740 1401 805; x_wconf 84' lang='lat' dir='ltr'>ordinem</span> 
     </span>
     <span class='ocr_line' id='line_1_4' title="bbox 282 839 1403 923; baseline 0 -18"><span class='ocrx_word' id='word_1_18' title='bbox 282 841 378 906; x_wconf 87' lang='lat' dir='ltr'>etism</span> <span class='ocrx_word' id='word_1_19' title='bbox 399 840 511 906; x_wconf 87' lang='lat' dir='ltr'>bsutus</span> <span class='ocrx_word' id='word_1_20' title='bbox 533 840 636 906; x_wconf 87' lang='lat' dir='ltr'>Douid</span> <span class='ocrx_word' id='word_1_21' title='bbox 658 841 704 906; x_wconf 88' lang='lat' dir='ltr'>its</span> <span class='ocrx_word' id='word_1_22' title='bbox 725 839 855 923; x_wconf 86' lang='lat' dir='ltr'>spiritus</span> <span class='ocrx_word' id='word_1_23' title='bbox 880 840 983 906; x_wconf 79' lang='lat' dir='ltr'>suncti</span> <span class='ocrx_word' id='word_1_24' title='bbox 1004 840 1227 908; x_wconf 81' lang='lat' dir='ltr'>uaticinatione</span> <span class='ocrx_word' id='word_1_25' title='bbox 1249 840 1403 919; x_wconf 76' lang='lat' dir='ltr'>distinxit,</span> 
     </span>
     <span class='ocr_line' id='line_1_5' title="bbox 281 944 1401 1026; baseline 0.001 -17"><span class='ocrx_word' id='word_1_26' title='bbox 281 944 315 1009; x_wconf 93' lang='lat' dir='ltr'>in</span> <span class='ocrx_word' id='word_1_27' title='bbox 336 944 447 1026; x_wconf 85' lang='lat' dir='ltr'>primis</span> <span class='ocrx_word' id='word_1_28' title='bbox 463 945 605 1025; x_wconf 85' lang='lat' dir='ltr'>inquiens</span> <span class='ocrx_word' id='word_1_29' title='bbox 627 946 743 1009; x_wconf 93' lang='lat' dir='ltr'>notus</span> <span class='ocrx_word' id='word_1_30' title='bbox 765 944 805 1009; x_wconf 92' lang='lat' dir='ltr'>in</span> <span class='ocrx_word' id='word_1_31' title='bbox 828 944 973 1010; x_wconf 83' lang='lat' dir='ltr'>Iudoes</span> <span class='ocrx_word' id='word_1_32' title='bbox 995 944 1106 1021; x_wconf 85' lang='lat' dir='ltr'>deus,</span> <span class='ocrx_word' id='word_1_33' title='bbox 1128 944 1161 1009; x_wconf 92' lang='lat' dir='ltr'>id</span> <span class='ocrx_word' id='word_1_34' title='bbox 1176 946 1274 1010; x_wconf 90' lang='lat' dir='ltr'>estin</span> <span class='ocrx_word' id='word_1_35' title='bbox 1289 944 1401 1019; x_wconf 77' lang='lat' dir='ltr'>enims,</span> 
     </span>
     <span class='ocr_line' id='line_1_6' title="bbox 282 1046 1433 1130; baseline -0.003 -20"><span class='ocrx_word' id='word_1_36' title='bbox 282 1064 359 1129; x_wconf 83' lang='lat' dir='ltr'>quse</span> <span class='ocrx_word' id='word_1_37' title='bbox 382 1046 484 1113; x_wconf 78' lang='lat' dir='ltr'>sdbtm</span> <span class='ocrx_word' id='word_1_38' title='bbox 505 1046 563 1112; x_wconf 88' lang='lat' dir='ltr'>sub</span> <span class='ocrx_word' id='word_1_39' title='bbox 585 1050 784 1130; x_wconf 79' lang='lat' dir='ltr'>poeoniorum</span> <span class='ocrx_word' id='word_1_40' title='bbox 799 1046 991 1113; x_wconf 73' lang='lat' dir='ltr'>confossione</span> <span class='ocrx_word' id='word_1_41' title='bbox 1007 1046 1174 1113; x_wconf 86' lang='lat' dir='ltr'>retinetur:</span> <span class='ocrx_word' id='word_1_42' title='bbox 1189 1047 1308 1115; x_wconf 86' lang='lat' dir='ltr'>Indses</span> <span class='ocrx_word' id='word_1_43' title='bbox 1322 1048 1402 1113; x_wconf 91' lang='lat' dir='ltr'>onim</span> <span class='ocrx_word' id='word_1_44' title='bbox 1420 1068 1433 1107; x_wconf 78' lang='lat' dir='ltr'>c</span> 
     </span>
     <span class='ocr_line' id='line_1_7' title="bbox 283 1149 1403 1233; baseline 0 -18"><span class='ocrx_word' id='word_1_45' title='bbox 283 1150 433 1215; x_wconf 83' lang='lat' dir='ltr'>confessio</span> <span class='ocrx_word' id='word_1_46' title='bbox 454 1151 686 1233; x_wconf 79' lang='lat' dir='ltr'>interpretetur.</span> <span class='ocrx_word' id='word_1_47' title='bbox 723 1151 763 1215; x_wconf 93' lang='lat' dir='ltr'>in</span> <span class='ocrx_word' id='word_1_48' title='bbox 786 1149 942 1216; x_wconf 84' lang='lat' dir='ltr'>Isrubol</span> <span class='ocrx_word' id='word_1_49' title='bbox 969 1154 1085 1228; x_wconf 85' lang='lat' dir='ltr'>sutem,</span> <span class='ocrx_word' id='word_1_50' title='bbox 1113 1150 1148 1215; x_wconf 92' lang='lat' dir='ltr'>id</span> <span class='ocrx_word' id='word_1_51' title='bbox 1168 1154 1217 1216; x_wconf 89' lang='lat' dir='ltr'>ost</span> <span class='ocrx_word' id='word_1_52' title='bbox 1237 1152 1274 1215; x_wconf 90' lang='lat' dir='ltr'>in</span> <span class='ocrx_word' id='word_1_53' title='bbox 1296 1170 1332 1216; x_wconf 88' lang='lat' dir='ltr'>so</span> <span class='ocrx_word' id='word_1_54' title='bbox 1353 1152 1403 1233; x_wconf 83' lang='lat' dir='ltr'>qni</span> 
     </span>
     <span class='ocr_line' id='line_1_8' title="bbox 283 1253 1403 1337; baseline -0.001 -18"><span class='ocrx_word' id='word_1_55' title='bbox 283 1254 393 1319; x_wconf 88' lang='lat' dir='ltr'>uidens</span> <span class='ocrx_word' id='word_1_56' title='bbox 425 1253 518 1318; x_wconf 89' lang='lat' dir='ltr'>deum</span> <span class='ocrx_word' id='word_1_57' title='bbox 545 1254 674 1319; x_wconf 90' lang='lat' dir='ltr'>sinent</span> <span class='ocrx_word' id='word_1_58' title='bbox 704 1255 832 1336; x_wconf 83' lang='lat' dir='ltr'>quidum</span> <span class='ocrx_word' id='word_1_59' title='bbox 859 1254 1107 1337; x_wconf 78' lang='lat' dir='ltr'>interpretentur</span> <span class='ocrx_word' id='word_1_60' title='bbox 1135 1254 1332 1319; x_wconf 85' lang='lat' dir='ltr'>rectissimus</span> <span class='ocrx_word' id='word_1_61' title='bbox 1357 1256 1403 1319; x_wconf 90' lang='lat' dir='ltr'>dei</span> 
     </span>
     <span class='ocr_line' id='line_1_9' title="bbox 282 1357 1404 1442; baseline -0.001 -20"><span class='ocrx_word' id='word_1_62' title='bbox 282 1360 340 1434; x_wconf 79' lang='lat' dir='ltr'>ost,</span> <span class='ocrx_word' id='word_1_63' title='bbox 374 1375 435 1423; x_wconf 89' lang='lat' dir='ltr'>non</span> <span class='ocrx_word' id='word_1_64' title='bbox 471 1357 573 1423; x_wconf 89' lang='lat' dir='ltr'>solum</span> <span class='ocrx_word' id='word_1_65' title='bbox 606 1358 708 1440; x_wconf 84' lang='lat' dir='ltr'>notus,</span> <span class='ocrx_word' id='word_1_66' title='bbox 742 1360 797 1423; x_wconf 92' lang='lat' dir='ltr'>ssd</span> <span class='ocrx_word' id='word_1_67' title='bbox 829 1357 924 1423; x_wconf 86' lang='lat' dir='ltr'>etism</span> <span class='ocrx_word' id='word_1_68' title='bbox 959 1375 1143 1442; x_wconf 85' lang='lat' dir='ltr'>mugnum</span> <span class='ocrx_word' id='word_1_69' title='bbox 1175 1375 1316 1422; x_wconf 91' lang='lat' dir='ltr'>nomen</span> <span class='ocrx_word' id='word_1_70' title='bbox 1349 1362 1404 1421; x_wconf 93' lang='lat' dir='ltr'>est</span> 
     </span>
     <span class='ocr_line' id='line_1_10' title="bbox 253 1458 1405 1542; baseline 0.001 -17"><span class='ocrx_word' id='word_1_71' title='bbox 253 1460 379 1539; x_wconf 72' lang='lat' dir='ltr'>seius.</span> <span class='ocrx_word' id='word_1_72' title='bbox 419 1459 530 1525; x_wconf 88' lang='lat' dir='ltr'>deiude</span> <span class='ocrx_word' id='word_1_73' title='bbox 557 1463 595 1526; x_wconf 84' lang='lat' dir='ltr'>sd</span> <span class='ocrx_word' id='word_1_74' title='bbox 624 1458 810 1526; x_wconf 82' lang='lat' dir='ltr'>sublimiore</span> <span class='ocrx_word' id='word_1_75' title='bbox 838 1476 894 1525; x_wconf 91' lang='lat' dir='ltr'>nos</span> <span class='ocrx_word' id='word_1_76' title='bbox 921 1477 1093 1542; x_wconf 86' lang='lat' dir='ltr'>prouocons</span> <span class='ocrx_word' id='word_1_77' title='bbox 1120 1478 1158 1524; x_wconf 87' lang='lat' dir='ltr'>oc</span> <span class='ocrx_word' id='word_1_78' title='bbox 1177 1460 1289 1526; x_wconf 89' lang='lat' dir='ltr'>uolens</span> <span class='ocrx_word' id='word_1_79' title='bbox 1311 1461 1405 1526; x_wconf 73' lang='lat' dir='ltr'>ettam</span> 
     </span>
     <span class='ocr_line' id='line_1_11' title="bbox 283 1560 1437 1646; baseline -0.003 -19"><span class='ocrx_word' id='word_1_80' title='bbox 283 1563 385 1627; x_wconf 91' lang='lat' dir='ltr'>locum</span> <span class='ocrx_word' id='word_1_81' title='bbox 419 1563 522 1646; x_wconf 85' lang='lat' dir='ltr'>ipsum</span> <span class='ocrx_word' id='word_1_82' title='bbox 555 1580 616 1645; x_wconf 87' lang='lat' dir='ltr'>quo</span> <span class='ocrx_word' id='word_1_83' title='bbox 644 1562 789 1627; x_wconf 91' lang='lat' dir='ltr'>dominus</span> <span class='ocrx_word' id='word_1_84' title='bbox 815 1562 992 1629; x_wconf 82' lang='lat' dir='ltr'>delectetur</span> <span class='ocrx_word' id='word_1_85' title='bbox 1020 1564 1180 1628; x_wconf 88' lang='lat' dir='ltr'>ostendere</span> <span class='ocrx_word' id='word_1_86' title='bbox 1208 1563 1247 1626; x_wconf 93' lang='lat' dir='ltr'>et</span> <span class='ocrx_word' id='word_1_87' title='bbox 1275 1560 1437 1627; x_wconf 77' lang='lat' dir='ltr'>fectusro</span> 
     </span>
    </p>
   </div>
   <div class='ocr_carea' id='block_1_3' title="bbox 284 1663 1518 2370">
    <p class='ocr_par' dir='ltr' id='par_1_3' title="bbox 284 1663 1518 2370">
     <span class='ocr_line' id='line_1_12' title="bbox 284 1663 1518 1749; baseline -0.002 -17"><span class='ocrx_word' id='word_1_88' title='bbox 284 1667 363 1747; x_wconf 87' lang='lat' dir='ltr'>ost,</span> <span class='ocrx_word' id='word_1_89' title='bbox 390 1664 504 1749; x_wconf 91' lang='lat' dir='ltr'>inquit,</span> <span class='ocrx_word' id='word_1_90' title='bbox 533 1664 572 1728; x_wconf 93' lang='lat' dir='ltr'>in</span> <span class='ocrx_word' id='word_1_91' title='bbox 600 1682 696 1747; x_wconf 83' lang='lat' dir='ltr'>poce</span> <span class='ocrx_word' id='word_1_92' title='bbox 724 1665 835 1730; x_wconf 90' lang='lat' dir='ltr'>locus</span> <span class='ocrx_word' id='word_1_93' title='bbox 864 1665 964 1743; x_wconf 85' lang='lat' dir='ltr'>eins,</span> <span class='ocrx_word' id='word_1_94' title='bbox 993 1666 1027 1730; x_wconf 92' lang='lat' dir='ltr'>id</span> <span class='ocrx_word' id='word_1_95' title='bbox 1050 1670 1181 1731; x_wconf 90' lang='lat' dir='ltr'>estnon</span> <span class='ocrx_word' id='word_1_96' title='bbox 1204 1665 1238 1729; x_wconf 91' lang='lat' dir='ltr'>in</span> <span class='ocrx_word' id='word_1_97' title='bbox 1259 1663 1406 1729; x_wconf 85' lang='lat' dir='ltr'>conflictu</span> <span class='ocrx_word' id='word_1_98' title='bbox 1517 1719 1518 1736; x_wconf 68' lang='grc'>,</span> 
     </span>
     <span class='ocr_line' id='line_1_13' title="bbox 284 1766 1408 1849; baseline -0.004 -14"><span class='ocrx_word' id='word_1_99' title='bbox 284 1768 464 1835; x_wconf 75' lang='lat' dir='ltr'>consmilis</span> <span class='ocrx_word' id='word_1_100' title='bbox 487 1772 518 1832; x_wconf 90' lang='lat' dir='ltr'>st</span> <span class='ocrx_word' id='word_1_101' title='bbox 541 1768 770 1833; x_wconf 80' lang='lat' dir='ltr'>conluctationo</span> <span class='ocrx_word' id='word_1_102' title='bbox 792 1767 951 1846; x_wconf 87' lang='lat' dir='ltr'>uitiorum,</span> <span class='ocrx_word' id='word_1_103' title='bbox 977 1768 1031 1833; x_wconf 90' lang='lat' dir='ltr'>sod</span> <span class='ocrx_word' id='word_1_104' title='bbox 1053 1769 1086 1833; x_wconf 93' lang='lat' dir='ltr'>in</span> <span class='ocrx_word' id='word_1_105' title='bbox 1108 1766 1312 1833; x_wconf 75' lang='lat' dir='ltr'>emumonice</span> <span class='ocrx_word' id='word_1_106' title='bbox 1334 1784 1408 1849; x_wconf 82' lang='lat' dir='ltr'>poce</span> 
     </span>
     <span class='ocr_line' id='line_1_14' title="bbox 285 1871 1408 1955; baseline 0 -18"><span class='ocrx_word' id='word_1_107' title='bbox 285 1872 317 1937; x_wconf 91' lang='lat' dir='ltr'>et</span> <span class='ocrx_word' id='word_1_108' title='bbox 346 1872 445 1935; x_wconf 91' lang='lat' dir='ltr'>cordis</span> <span class='ocrx_word' id='word_1_109' title='bbox 473 1871 705 1953; x_wconf 80' lang='lat' dir='ltr'>tranquillitate</span> <span class='ocrx_word' id='word_1_110' title='bbox 738 1874 897 1955; x_wconf 84' lang='lat' dir='ltr'>perpetus.</span> <span class='ocrx_word' id='word_1_111' title='bbox 934 1872 1019 1937; x_wconf 89' lang='lat' dir='ltr'>huno</span> <span class='ocrx_word' id='word_1_112' title='bbox 1052 1872 1153 1954; x_wconf 86' lang='lat' dir='ltr'>igitur</span> <span class='ocrx_word' id='word_1_113' title='bbox 1184 1871 1272 1953; x_wconf 82' lang='lat' dir='ltr'>psois</span> <span class='ocrx_word' id='word_1_114' title='bbox 1306 1872 1408 1937; x_wconf 91' lang='lat' dir='ltr'>locum</span> 
     </span>
     <span class='ocr_line' id='line_1_15' title="bbox 286 1973 1409 2057; baseline -0.002 -16"><span class='ocrx_word' id='word_1_115' title='bbox 286 1974 475 2041; x_wconf 88' lang='lat' dir='ltr'>extinctione</span> <span class='ocrx_word' id='word_1_116' title='bbox 497 1973 669 2039; x_wconf 76' lang='lat' dir='ltr'>carnalium</span> <span class='ocrx_word' id='word_1_117' title='bbox 690 1976 872 2056; x_wconf 73' lang='lat' dir='ltr'>passionum</span> <span class='ocrx_word' id='word_1_118' title='bbox 893 1975 922 2039; x_wconf 93' lang='lat' dir='ltr'>si</span> <span class='ocrx_word' id='word_1_119' title='bbox 943 1975 1013 2057; x_wconf 90' lang='lat' dir='ltr'>quis</span> <span class='ocrx_word' id='word_1_120' title='bbox 1034 1974 1184 2040; x_wconf 89' lang='lat' dir='ltr'>meruerit</span> <span class='ocrx_word' id='word_1_121' title='bbox 1205 1974 1359 2055; x_wconf 89' lang='lat' dir='ltr'>obtinere,</span> <span class='ocrx_word' id='word_1_122' title='bbox 1373 1994 1409 2039; x_wconf 87' lang='lat' dir='ltr'>er</span> 
     </span>
     <span class='ocr_line' id='line_1_16' title="bbox 284 2077 1442 2161; baseline -0.002 -18"><span class='ocrx_word' id='word_1_123' title='bbox 284 2079 344 2144; x_wconf 92' lang='lat' dir='ltr'>boe</span> <span class='ocrx_word' id='word_1_124' title='bbox 372 2095 491 2160; x_wconf 86' lang='lat' dir='ltr'>quoqne</span> <span class='ocrx_word' id='word_1_125' title='bbox 512 2077 673 2161; x_wconf 85' lang='lat' dir='ltr'>proficiens</span> <span class='ocrx_word' id='word_1_126' title='bbox 695 2079 794 2161; x_wconf 61' lang='lat' dir='ltr'>modu</span> <span class='ocrx_word' id='word_1_127' title='bbox 817 2096 854 2143; x_wconf 86' lang='lat' dir='ltr'>sc</span> <span class='ocrx_word' id='word_1_128' title='bbox 875 2078 949 2145; x_wconf 86' lang='lat' dir='ltr'>Sion</span> <span class='ocrx_word' id='word_1_129' title='bbox 974 2078 1134 2160; x_wconf 75' lang='lat' dir='ltr'>spiritalis,</span> <span class='ocrx_word' id='word_1_130' title='bbox 1157 2078 1261 2143; x_wconf 86' lang='lat' dir='ltr'>idest</span> <span class='ocrx_word' id='word_1_131' title='bbox 1285 2077 1442 2161; x_wconf 70' lang='lat' dir='ltr'>speculae</span> 
     </span>
     <span class='ocr_line' id='line_1_17' title="bbox 285 2181 1411 2262; baseline -0.003 -14"><span class='ocrx_word' id='word_1_132' title='bbox 285 2181 336 2248; x_wconf 89' lang='lat' dir='ltr'>dei</span> <span class='ocrx_word' id='word_1_133' title='bbox 358 2184 579 2262; x_wconf 87' lang='lat' dir='ltr'>consequenter</span> <span class='ocrx_word' id='word_1_134' title='bbox 601 2182 730 2247; x_wconf 82' lang='lat' dir='ltr'>effectus</span> <span class='ocrx_word' id='word_1_135' title='bbox 753 2184 813 2248; x_wconf 89' lang='lat' dir='ltr'>erit</span> <span class='ocrx_word' id='word_1_136' title='bbox 835 2182 933 2247; x_wconf 84' lang='lat' dir='ltr'>etium</span> <span class='ocrx_word' id='word_1_137' title='bbox 954 2182 1109 2248; x_wconf 85' lang='lat' dir='ltr'>hebitstio</span> <span class='ocrx_word' id='word_1_138' title='bbox 1124 2186 1201 2249; x_wconf 88' lang='lat' dir='ltr'>eius.</span> <span class='ocrx_word' id='word_1_139' title='bbox 1239 2199 1303 2247; x_wconf 93' lang='lat' dir='ltr'>non</span> <span class='ocrx_word' id='word_1_140' title='bbox 1327 2182 1411 2247; x_wconf 85' lang='lat' dir='ltr'>enim</span> 
     </span>
     <span class='ocr_line' id='line_1_18' title="bbox 286 2284 1410 2370; baseline -0.001 -21"><span class='ocrx_word' id='word_1_141' title='bbox 286 2285 320 2349; x_wconf 93' lang='lat' dir='ltr'>in</span> <span class='ocrx_word' id='word_1_142' title='bbox 342 2284 486 2350; x_wconf 85' lang='lat' dir='ltr'>conflictu</span> <span class='ocrx_word' id='word_1_143' title='bbox 509 2287 729 2362; x_wconf 76' lang='lat' dir='ltr'>continentiae,</span> <span class='ocrx_word' id='word_1_144' title='bbox 755 2288 810 2352; x_wconf 91' lang='lat' dir='ltr'>sod</span> <span class='ocrx_word' id='word_1_145' title='bbox 824 2287 857 2351; x_wconf 93' lang='lat' dir='ltr'>in</span> <span class='ocrx_word' id='word_1_146' title='bbox 872 2287 938 2370; x_wconf 89' lang='lat' dir='ltr'>iugi</span> <span class='ocrx_word' id='word_1_147' title='bbox 953 2287 1108 2353; x_wconf 73' lang='lat' dir='ltr'>obtutum</span> <span class='ocrx_word' id='word_1_148' title='bbox 1122 2284 1252 2368; x_wconf 82' lang='lat' dir='ltr'>speculo</span> <span class='ocrx_word' id='word_1_149' title='bbox 1266 2285 1410 2349; x_wconf 88' lang='lat' dir='ltr'>dominns</span> 
     </span>
    </p>
   </div>
   <div class='ocr_carea' id='block_1_4' title="bbox 258 2386 1446 3504">
    <p class='ocr_par' dir='ltr' id='par_1_4' title="bbox 258 2386 1446 3504">
     <span class='ocr_line' id='line_1_19' title="bbox 287 2386 1411 2473; baseline -0.004 -18"><span class='ocrx_word' id='word_1_150' title='bbox 287 2391 492 2464; x_wconf 80' lang='lat' dir='ltr'>enumeretur,</span> <span class='ocrx_word' id='word_1_151' title='bbox 515 2390 568 2455; x_wconf 91' lang='lat' dir='ltr'>ubi</span> <span class='ocrx_word' id='word_1_152' title='bbox 591 2390 653 2455; x_wconf 80' lang='lat' dir='ltr'>ium</span> <span class='ocrx_word' id='word_1_153' title='bbox 676 2405 739 2453; x_wconf 93' lang='lat' dir='ltr'>non</span> <span class='ocrx_word' id='word_1_154' title='bbox 760 2390 909 2469; x_wconf 89' lang='lat' dir='ltr'>retundit,</span> <span class='ocrx_word' id='word_1_155' title='bbox 932 2406 993 2454; x_wconf 92' lang='lat' dir='ltr'>non</span> <span class='ocrx_word' id='word_1_156' title='bbox 1015 2388 1192 2473; x_wconf 80' lang='lat' dir='ltr'>conprimit,</span> <span class='ocrx_word' id='word_1_157' title='bbox 1214 2388 1269 2452; x_wconf 89' lang='lat' dir='ltr'>ssd</span> <span class='ocrx_word' id='word_1_158' title='bbox 1292 2386 1327 2451; x_wconf 94' lang='lat' dir='ltr'>in</span> <span class='ocrx_word' id='word_1_159' title='bbox 1341 2404 1411 2469; x_wconf 82' lang='lat' dir='ltr'>per·</span> 
     </span>
     <span class='ocr_line' id='line_1_20' title="bbox 286 2490 1411 2577; baseline -0.001 -22"><span class='ocrx_word' id='word_1_160' title='bbox 286 2493 416 2577; x_wconf 85' lang='lat' dir='ltr'>potuum</span> <span class='ocrx_word' id='word_1_161' title='bbox 445 2490 597 2577; x_wconf 82' lang='lat' dir='ltr'>confregit</span> <span class='ocrx_word' id='word_1_162' title='bbox 624 2492 783 2574; x_wconf 83' lang='lat' dir='ltr'>potentius</span> <span class='ocrx_word' id='word_1_163' title='bbox 811 2510 952 2573; x_wconf 82' lang='lat' dir='ltr'>erenum,</span> <span class='ocrx_word' id='word_1_164' title='bbox 983 2511 1018 2557; x_wconf 82' lang='lat' dir='ltr'>sn</span> <span class='ocrx_word' id='word_1_165' title='bbox 1046 2494 1159 2575; x_wconf 87' lang='lat' dir='ltr'>quibus</span> <span class='ocrx_word' id='word_1_166' title='bbox 1184 2490 1335 2557; x_wconf 84' lang='lat' dir='ltr'>uidelicet</span> <span class='ocrx_word' id='word_1_167' title='bbox 1357 2492 1411 2554; x_wconf 83' lang='lat' dir='ltr'>ud·</span> 
     </span>
     <span class='ocr_line' id='line_1_21' title="bbox 287 2592 1444 2679; baseline -0.002 -20"><span class='ocrx_word' id='word_1_168' title='bbox 287 2613 398 2660; x_wconf 86' lang='lat' dir='ltr'>nereus</span> <span class='ocrx_word' id='word_1_169' title='bbox 426 2612 482 2660; x_wconf 87' lang='lat' dir='ltr'>nos</span> <span class='ocrx_word' id='word_1_170' title='bbox 514 2594 683 2661; x_wconf 87' lang='lat' dir='ltr'>libidinum</span> <span class='ocrx_word' id='word_1_171' title='bbox 721 2596 877 2676; x_wconf 83' lang='lat' dir='ltr'>quondum</span> <span class='ocrx_word' id='word_1_172' title='bbox 912 2595 1015 2661; x_wconf 83' lang='lat' dir='ltr'>iecnls</span> <span class='ocrx_word' id='word_1_173' title='bbox 1049 2595 1265 2679; x_wconf 73' lang='lat' dir='ltr'>dirigebantur</span> <span class='ocrx_word' id='word_1_174' title='bbox 1301 2592 1444 2675; x_wconf 68' lang='lat' dir='ltr'>ignitus</span> 
     </span>
     <span class='ocr_line' id='line_1_22' title="bbox 258 2695 1412 2783; baseline -0.003 -20"><span class='ocrx_word' id='word_1_175' title='bbox 258 2696 404 2774; x_wconf 88' lang='lat' dir='ltr'>4uidetis</span> <span class='ocrx_word' id='word_1_176' title='bbox 427 2715 510 2783; x_wconf 85' lang='lat' dir='ltr'>orgo,</span> <span class='ocrx_word' id='word_1_177' title='bbox 533 2698 608 2779; x_wconf 87' lang='lat' dir='ltr'>quis</span> <span class='ocrx_word' id='word_1_178' title='bbox 629 2699 710 2764; x_wconf 90' lang='lat' dir='ltr'>siout</span> <span class='ocrx_word' id='word_1_179' title='bbox 732 2715 794 2763; x_wconf 94' lang='lat' dir='ltr'>non</span> <span class='ocrx_word' id='word_1_180' title='bbox 817 2702 865 2763; x_wconf 91' lang='lat' dir='ltr'>est</span> <span class='ocrx_word' id='word_1_181' title='bbox 886 2697 921 2762; x_wconf 93' lang='lat' dir='ltr'>in</span> <span class='ocrx_word' id='word_1_182' title='bbox 943 2698 1173 2763; x_wconf 86' lang='lat' dir='ltr'>oonluotstione</span> <span class='ocrx_word' id='word_1_183' title='bbox 1187 2695 1412 2771; x_wconf 73' lang='lat' dir='ltr'>continentius,</span> 
     </span>
     <span class='ocr_line' id='line_1_23' title="bbox 289 2799 1414 2882; baseline -0.004 -17"><span class='ocrx_word' id='word_1_184' title='bbox 289 2802 344 2865; x_wconf 87' lang='lat' dir='ltr'>sed</span> <span class='ocrx_word' id='word_1_185' title='bbox 371 2802 403 2865; x_wconf 91' lang='lat' dir='ltr'>in</span> <span class='ocrx_word' id='word_1_186' title='bbox 430 2799 587 2865; x_wconf 70' lang='lat' dir='ltr'>eastitatis</span> <span class='ocrx_word' id='word_1_187' title='bbox 615 2818 689 2882; x_wconf 79' lang='lat' dir='ltr'>poce</span> <span class='ocrx_word' id='word_1_188' title='bbox 715 2801 801 2866; x_wconf 87' lang='lat' dir='ltr'>locus</span> <span class='ocrx_word' id='word_1_189' title='bbox 830 2800 956 2879; x_wconf 89' lang='lat' dir='ltr'>domini,</span> <span class='ocrx_word' id='word_1_190' title='bbox 985 2800 1032 2867; x_wconf 84' lang='lat' dir='ltr'>its</span> <span class='ocrx_word' id='word_1_191' title='bbox 1053 2802 1150 2867; x_wconf 80' lang='lat' dir='ltr'>etium</span> <span class='ocrx_word' id='word_1_192' title='bbox 1172 2799 1326 2867; x_wconf 75' lang='lat' dir='ltr'>habitatio</span> <span class='ocrx_word' id='word_1_193' title='bbox 1348 2799 1414 2862; x_wconf 90' lang='lat' dir='ltr'>sius</span> 
     </span>
     <span class='ocr_line' id='line_1_24' title="bbox 290 2901 1414 2986; baseline -0.003 -19"><span class='ocrx_word' id='word_1_194' title='bbox 290 2904 324 2967; x_wconf 94' lang='lat' dir='ltr'>in</span> <span class='ocrx_word' id='word_1_195' title='bbox 345 2901 472 2985; x_wconf 82' lang='lat' dir='ltr'>speculo</span> <span class='ocrx_word' id='word_1_196' title='bbox 493 2905 535 2967; x_wconf 89' lang='lat' dir='ltr'>sit</span> <span class='ocrx_word' id='word_1_197' title='bbox 558 2905 591 2967; x_wconf 92' lang='lat' dir='ltr'>ot</span> <span class='ocrx_word' id='word_1_198' title='bbox 612 2904 874 2986; x_wconf 86' lang='lat' dir='ltr'>contemplstione</span> <span class='ocrx_word' id='word_1_199' title='bbox 894 2906 1059 2969; x_wconf 87' lang='lat' dir='ltr'>uirtutum.</span> <span class='ocrx_word' id='word_1_200' title='bbox 1095 2902 1178 2968; x_wconf 87' lang='lat' dir='ltr'>nude</span> <span class='ocrx_word' id='word_1_201' title='bbox 1191 2920 1252 2967; x_wconf 94' lang='lat' dir='ltr'>non</span> <span class='ocrx_word' id='word_1_202' title='bbox 1267 2902 1414 2967; x_wconf 84' lang='lat' dir='ltr'>inmerito</span> 
     </span>
     <span class='ocr_line' id='line_1_25' title="bbox 290 3002 1416 3091; baseline -0.005 -20"><span class='ocrx_word' id='word_1_203' title='bbox 290 3009 397 3090; x_wconf 81' lang='lat' dir='ltr'>portae</span> <span class='ocrx_word' id='word_1_204' title='bbox 419 3004 492 3072; x_wconf 81' lang='lat' dir='ltr'>Sion</span> <span class='ocrx_word' id='word_1_205' title='bbox 514 3008 634 3072; x_wconf 89' lang='lat' dir='ltr'>cunctis</span> <span class='ocrx_word' id='word_1_206' title='bbox 663 3006 755 3073; x_wconf 82' lang='lat' dir='ltr'>Isoob</span> <span class='ocrx_word' id='word_1_207' title='bbox 784 3006 995 3073; x_wconf 75' lang='lat' dir='ltr'>tabernaculis</span> <span class='ocrx_word' id='word_1_208' title='bbox 1015 3006 1247 3091; x_wconf 75' lang='lat' dir='ltr'>praeferuntur:</span> <span class='ocrx_word' id='word_1_209' title='bbox 1270 3002 1416 3087; x_wconf 81' lang='lat' dir='ltr'>diligit</span> 
     </span>
     <span class='ocr_line' id='line_1_26' title="bbox 292 3105 1446 3192; baseline -0.005 -17"><span class='ocrx_word' id='word_1_210' title='bbox 292 3108 376 3175; x_wconf 88' lang='lat' dir='ltr'>enim</span> <span class='ocrx_word' id='word_1_211' title='bbox 398 3109 576 3175; x_wconf 88' lang='lat' dir='ltr'>dominus</span> <span class='ocrx_word' id='word_1_212' title='bbox 598 3113 737 3191; x_wconf 83' lang='lat' dir='ltr'>portus</span> <span class='ocrx_word' id='word_1_213' title='bbox 761 3108 857 3175; x_wconf 86' lang='lat' dir='ltr'>Sion</span> <span class='ocrx_word' id='word_1_214' title='bbox 879 3105 1446 3192; x_wconf 78' lang='lat' dir='ltr'>superomnistobornuculsrs</span> 
     </span>
     <span class='ocr_line' id='line_1_27' title="bbox 290 3207 1416 3296; baseline -0.004 -19"><span class='ocrx_word' id='word_1_215' title='bbox 290 3212 417 3278; x_wconf 87' lang='lat' dir='ltr'>Iooob.</span> <span class='ocrx_word' id='word_1_216' title='bbox 455 3213 536 3296; x_wconf 89' lang='lat' dir='ltr'>quod</span> <span class='ocrx_word' id='word_1_217' title='bbox 563 3215 668 3278; x_wconf 83' lang='lat' dir='ltr'>sutem</span> <span class='ocrx_word' id='word_1_218' title='bbox 696 3232 751 3295; x_wconf 82' lang='lat' dir='ltr'>per</span> <span class='ocrx_word' id='word_1_219' title='bbox 777 3212 836 3277; x_wconf 92' lang='lat' dir='ltr'>boo</span> <span class='ocrx_word' id='word_1_220' title='bbox 856 3211 1074 3278; x_wconf 86' lang='lat' dir='ltr'>ineuitobllem</span> <span class='ocrx_word' id='word_1_221' title='bbox 1096 3229 1164 3276; x_wconf 88' lang='lat' dir='ltr'>esse</span> <span class='ocrx_word' id='word_1_222' title='bbox 1185 3207 1416 3276; x_wconf 90' lang='lat' dir='ltr'>conmotionem</span> 
     </span>
     <span class='ocr_line' id='line_1_28' title="bbox 292 3311 1416 3398; baseline -0.006 -17"><span class='ocrx_word' id='word_1_223' title='bbox 292 3318 392 3381; x_wconf 84' lang='lat' dir='ltr'>curnis</span> <span class='ocrx_word' id='word_1_224' title='bbox 423 3317 576 3395; x_wconf 70' lang='lat' dir='ltr'>adseritis,</span> <span class='ocrx_word' id='word_1_225' title='bbox 610 3318 691 3398; x_wconf 86' lang='lat' dir='ltr'>quod</span> <span class='ocrx_word' id='word_1_226' title='bbox 723 3316 823 3395; x_wconf 59' lang='lat' dir='ltr'>urium</span> <span class='ocrx_word' id='word_1_227' title='bbox 861 3334 933 3381; x_wconf 90' lang='lat' dir='ltr'>oum</span> <span class='ocrx_word' id='word_1_228' title='bbox 965 3314 1103 3381; x_wconf 87' lang='lat' dir='ltr'>nesioom</span> <span class='ocrx_word' id='word_1_229' title='bbox 1136 3315 1203 3395; x_wconf 89' lang='lat' dir='ltr'>iugi</span> <span class='ocrx_word' id='word_1_230' title='bbox 1238 3311 1416 3377; x_wconf 72' lang='lat' dir='ltr'>stillatione</span> 
     </span>
     <span class='ocr_line' id='line_1_29' title="bbox 291 3414 1416 3504; baseline -0.006 -19"><span class='ocrx_word' id='word_1_231' title='bbox 291 3420 469 3504; x_wconf 78' lang='lat' dir='ltr'>repleusrit,</span> <span class='ocrx_word' id='word_1_232' title='bbox 502 3421 608 3503; x_wconf 75' lang='lat' dir='ltr'>quista</span> <span class='ocrx_word' id='word_1_233' title='bbox 639 3419 771 3487; x_wconf 87' lang='lat' dir='ltr'>suscitet</span> <span class='ocrx_word' id='word_1_234' title='bbox 802 3422 949 3498; x_wconf 84' lang='lat' dir='ltr'>membro,</span> <span class='ocrx_word' id='word_1_235' title='bbox 983 3419 1061 3485; x_wconf 90' lang='lat' dir='ltr'>lioet</span> <span class='ocrx_word' id='word_1_236' title='bbox 1093 3419 1175 3484; x_wconf 91' lang='lat' dir='ltr'>ueris</span> <span class='ocrx_word' id='word_1_237' title='bbox 1207 3414 1416 3481; x_wconf 66' lang='lat' dir='ltr'>sectatoribus</span> 
     </span>
    </p>
   </div>
   <div class='ocr_carea' id='block_1_5' title="bbox 393 3600 1306 3669">
    <p class='ocr_par' dir='ltr' id='par_1_5' title="bbox 393 3600 1306 3669">
     <span class='ocr_line' id='line_1_30' title="bbox 393 3600 1306 3669; baseline -0.003 -11"><span class='ocrx_word' id='word_1_238' title='bbox 393 3601 569 3669; x_wconf 65' lang='lat' dir='ltr'>trenno</span> <span class='ocrx_word' id='word_1_239' title='bbox 669 3603 762 3657; x_wconf 75' lang='lat' dir='ltr'>blo</span> <span class='ocrx_word' id='word_1_240' title='bbox 864 3602 1010 3658; x_wconf 69' lang='grc' dir='ltr'><strong>101.αὸ</strong></span> <span class='ocrx_word' id='word_1_241' title='bbox 1111 3600 1306 3665; x_wconf 55' lang='lat' dir='ltr'>maddi!</span> 
     </span>
    </p>
   </div>
   <div class='ocr_carea' id='block_1_6' title="bbox 292 3769 1420 4437">
    <p class='ocr_par' dir='ltr' id='par_1_6' title="bbox 292 3769 1420 4437">
     <span class='ocr_line' id='line_1_31' title="bbox 346 3769 1418 3844; baseline -0.004 -17"><span class='ocrx_word' id='word_1_242' title='bbox 346 3777 360 3827; x_wconf 94' lang='lat'>1</span> <span class='ocrx_word' id='word_1_243' title='bbox 384 3774 493 3828; x_wconf 82' lang='lat' dir='ltr'>srubolis</span> <span class='ocrx_word' id='word_1_244' title='bbox 511 3773 570 3827; x_wconf 89' lang='grc' dir='ltr'>ΣΟ</span> <span class='ocrx_word' id='word_1_245' title='bbox 670 3772 860 3829; x_wconf 65' lang='lat' dir='ltr'>tooneoondit</span> <span class='ocrx_word' id='word_1_246' title='bbox 877 3775 902 3826; x_wconf 69' lang='lat' dir='ltr'>l*</span> <span class='ocrx_word' id='word_1_247' title='bbox 1000 3772 1092 3844; x_wconf 72' lang='lat' dir='ltr'>bito]</span> <span class='ocrx_word' id='word_1_248' title='bbox 1110 3788 1127 3827; x_wconf 78' lang='lat' dir='ltr'>s</span> <span class='ocrx_word' id='word_1_249' title='bbox 1148 3774 1174 3825; x_wconf 77' lang='lat' dir='ltr'>l&#39;</span> <span class='ocrx_word' id='word_1_250' title='bbox 1273 3769 1418 3825; x_wconf 67' lang='lat' dir='ltr'>distin-t</span> 
     </span>
     <span class='ocr_line' id='line_1_32' title="bbox 292 3854 1417 3927; baseline -0.006 -12"><span class='ocrx_word' id='word_1_251' title='bbox 292 3863 322 3915; x_wconf 85' lang='grc' dir='ltr'><em>Σ</em></span> <span class='ocrx_word' id='word_1_252' title='bbox 417 3860 501 3917; x_wconf 72' lang='lat' dir='ltr'>turi</span> <span class='ocrx_word' id='word_1_253' title='bbox 518 3861 547 3912; x_wconf 85' lang='grc' dir='ltr'><strong><em>Σ</em></strong></span> <span class='ocrx_word' id='word_1_254' title='bbox 645 3860 753 3915; x_wconf 76' lang='lat' dir='ltr'>&#39;luidet</span> <span class='ocrx_word' id='word_1_255' title='bbox 770 3859 848 3915; x_wconf 70' lang='lat' dir='ltr'>Poe</span> <span class='ocrx_word' id='word_1_256' title='bbox 943 3860 1115 3915; x_wconf 74' lang='lat' dir='ltr'>rootimmns</span> <span class='ocrx_word' id='word_1_257' title='bbox 1130 3858 1170 3911; x_wconf 82' lang='grc' dir='ltr'>ΙΙι</span> <span class='ocrx_word' id='word_1_258' title='bbox 1269 3858 1301 3911; x_wconf 93' lang='lat' dir='ltr'>ll</span> <span class='ocrx_word' id='word_1_259' title='bbox 1319 3854 1417 3927; x_wconf 76' lang='lat' dir='ltr'>inquid</span> 
     </span>
     <span class='ocr_line' id='line_1_33' title="bbox 294 3939 1350 4016; baseline -0.014 -11"><span class='ocrx_word' id='word_1_260' title='bbox 294 3948 321 4016; x_wconf 84' lang='grc'><strong><em>0</em></strong></span> <span class='ocrx_word' id='word_1_261' title='bbox 421 3947 603 4003; x_wconf 74' lang='lat' dir='ltr'>laocoontis</span> <span class='ocrx_word' id='word_1_262' title='bbox 620 3962 671 4003; x_wconf 68' lang='lat' dir='ltr'>out</span> <span class='ocrx_word' id='word_1_263' title='bbox 687 3946 718 3999; x_wconf 84' lang='lat' dir='ltr'>ll</span> <span class='ocrx_word' id='word_1_264' title='bbox 821 3946 854 3999; x_wconf 79' lang='lat'>14</span> <span class='ocrx_word' id='word_1_265' title='bbox 870 3945 925 4013; x_wconf 80' lang='lat' dir='ltr'>opt</span> <span class='ocrx_word' id='word_1_266' title='bbox 945 3945 1006 3996; x_wconf 65' lang='grc' dir='ltr'>ΣΥ</span> <span class='ocrx_word' id='word_1_267' title='bbox 1105 3943 1138 3999; x_wconf 84' lang='grc'>19</span> <span class='ocrx_word' id='word_1_268' title='bbox 1155 3939 1350 4009; x_wconf 76' lang='lat' dir='ltr'>confringitll</span> 
     </span>
     <span class='ocr_line' id='line_1_34' title="bbox 294 4021 1420 4092; baseline -0.012 -1"><span class='ocrx_word' id='word_1_269' title='bbox 294 4050 385 4091; x_wconf 72' lang='lat' dir='ltr'>meum</span> <span class='ocrx_word' id='word_1_270' title='bbox 400 4034 440 4087; x_wconf 79' lang='grc' dir='ltr'>Πι</span> <span class='ocrx_word' id='word_1_271' title='bbox 537 4032 676 4087; x_wconf 75' lang='lat' dir='ltr'>udusmnm</span> <span class='ocrx_word' id='word_1_272' title='bbox 695 4033 740 4086; x_wconf 74' lang='lat' dir='ltr'>Po</span> <span class='ocrx_word' id='word_1_273' title='bbox 835 4030 872 4085; x_wconf 85' lang='grc'>20</span> <span class='ocrx_word' id='word_1_274' title='bbox 888 4028 1000 4083; x_wconf 77' lang='lat' dir='ltr'>wndsm</span> <span class='ocrx_word' id='word_1_275' title='bbox 1017 4028 1043 4082; x_wconf 91' lang='grc' dir='ltr'><em>Ο</em></span> <span class='ocrx_word' id='word_1_276' title='bbox 1137 4026 1172 4082; x_wconf 94' lang='grc'>22</span> <span class='ocrx_word' id='word_1_277' title='bbox 1188 4024 1326 4081; x_wconf 63' lang='lat' dir='ltr'>omnum</span> <span class='ocrx_word' id='word_1_278' title='bbox 1342 4021 1420 4092; x_wconf 69' lang='lat' dir='ltr'>poso}</span> 
     </span>
     <span class='ocr_line' id='line_1_35' title="bbox 294 4110 1354 4187; baseline -0.012 -11"><span class='ocrx_word' id='word_1_279' title='bbox 294 4121 420 4177; x_wconf 74' lang='lat' dir='ltr'>constituto</span> <span class='ocrx_word' id='word_1_280' title='bbox 442 4121 472 4173; x_wconf 85' lang='grc' dir='ltr'><em>Σ</em></span> <span class='ocrx_word' id='word_1_281' title='bbox 498 4118 624 4174; x_wconf 68' lang='lat' dir='ltr'>euticus</span> <span class='ocrx_word' id='word_1_282' title='bbox 645 4118 718 4187; x_wconf 82' lang='lat' dir='ltr'>punis</span> <span class='ocrx_word' id='word_1_283' title='bbox 741 4116 766 4169; x_wconf 92' lang='grc'><em>0</em></span> <span class='ocrx_word' id='word_1_284' title='bbox 868 4116 900 4169; x_wconf 71' lang='grc'>21</span> <span class='ocrx_word' id='word_1_285' title='bbox 924 4114 1030 4169; x_wconf 74' lang='lat' dir='ltr'>urinum</span> <span class='ocrx_word' id='word_1_286' title='bbox 1046 4114 1076 4166; x_wconf 88' lang='grc' dir='ltr'><strong><em>Σ</em></strong></span> <span class='ocrx_word' id='word_1_287' title='bbox 1177 4112 1307 4167; x_wconf 71' lang='lat' dir='ltr'>noeeicsm</span> <span class='ocrx_word' id='word_1_288' title='bbox 1325 4110 1354 4160; x_wconf 68' lang='grc'>2*</span> 
     </span>
     <span class='ocr_line' id='line_1_36' title="bbox 294 4193 1420 4277; baseline -0.015 -14"><span class='ocrx_word' id='word_1_289' title='bbox 294 4208 355 4277; x_wconf 82' lang='lat' dir='ltr'>iugi</span> <span class='ocrx_word' id='word_1_290' title='bbox 380 4208 529 4263; x_wconf 72' lang='lat' dir='ltr'>stillatione</span> <span class='ocrx_word' id='word_1_291' title='bbox 554 4204 664 4274; x_wconf 63' lang='lat' dir='ltr'>scripum</span> <span class='ocrx_word' id='word_1_292' title='bbox 693 4203 728 4270; x_wconf 72' lang='lat' dir='ltr'>ef.</span> <span class='ocrx_word' id='word_1_293' title='bbox 746 4201 881 4266; x_wconf 77' lang='lat' dir='ltr'>xo&#39;mI,</span> <span class='ocrx_word' id='word_1_294' title='bbox 898 4204 960 4267; x_wconf 80' lang='lat' dir='ltr'>6‚s</span> <span class='ocrx_word' id='word_1_295' title='bbox 994 4200 1066 4269; x_wconf 88' lang='lat' dir='ltr'>iugis</span> <span class='ocrx_word' id='word_1_296' title='bbox 1082 4198 1244 4253; x_wconf 78' lang='lat' dir='ltr'>titillstiouo</span> <span class='ocrx_word' id='word_1_297' title='bbox 1262 4194 1324 4248; x_wconf 90' lang='grc' dir='ltr'>ΣΟ</span> <span class='ocrx_word' id='word_1_298' title='bbox 1359 4193 1420 4262; x_wconf 78' lang='lat' dir='ltr'>iugi</span> 
     </span>
     <span class='ocr_line' id='line_1_37' title="bbox 294 4283 1420 4364; baseline -0.014 -15"><span class='ocrx_word' id='word_1_299' title='bbox 294 4295 380 4364; x_wconf 86' lang='lat' dir='ltr'>(iugis</span> <span class='ocrx_word' id='word_1_300' title='bbox 397 4290 649 4363; x_wconf 80' lang='lat' dir='ltr'>11²)imti1noioue</span> <span class='ocrx_word' id='word_1_301' title='bbox 670 4290 749 4345; x_wconf 75' lang='lat' dir='ltr'>Hl&#39;o</span> <span class='ocrx_word' id='word_1_302' title='bbox 851 4287 886 4342; x_wconf 86' lang='grc'>28</span> <span class='ocrx_word' id='word_1_303' title='bbox 910 4286 978 4341; x_wconf 89' lang='lat' dir='ltr'>uiris</span> <span class='ocrx_word' id='word_1_304' title='bbox 1001 4286 1042 4339; x_wconf 79' lang='lat'>11¹</span> <span class='ocrx_word' id='word_1_305' title='bbox 1076 4284 1212 4339; x_wconf 83' lang='lat' dir='ltr'>ueteribus</span> <span class='ocrx_word' id='word_1_306' title='bbox 1237 4283 1310 4335; x_wconf 77' lang='lat' dir='ltr'>‘Piso</span> <span class='ocrx_word' id='word_1_307' title='bbox 1326 4294 1420 4335; x_wconf 72' lang='lat' dir='ltr'>ras-c</span> 
     </span>
     <span class='ocr_line' id='line_1_38' title="bbox 294 4383 368 4437; baseline 0 0"><span class='ocrx_word' id='word_1_308' title='bbox 294 4398 329 4437; x_wconf 73' lang='lat' dir='ltr'>sc</span> <span class='ocrx_word' id='word_1_309' title='bbox 347 4383 368 4437; x_wconf 76' lang='lat'><em>2</em></span> 
     </span>
    </p>
   </div>
   <div class='ocr_carea' id='block_1_7' title="bbox 0 0 1567 4967">
    <p class='ocr_par' dir='ltr' id='par_1_7' title="bbox 0 0 1567 4967">
     <span class='ocr_line' id='line_1_39' title="bbox 0 0 1567 4967; baseline 0 0"><span class='ocrx_word' id='word_1_310' title='bbox 0 0 1567 4967; x_wconf 95' lang='lat' dir='ltr'> </span> 
     </span>
    </p>
   </div>
  </div>
 </body>
</html>
