3092 4967
289 413 350 479 112
678 411 843 467 iohannis
862 412 1022 468 Cassiani

331 604 455 671 XVIII.
485 618 684 670 suanenses
713 604 761 668 De
790 600 929 669 utililato
958 600 1198 668 oonluotationis
1229 619 1308 685 quae
1329 600 1410 666 inter

288 725 412 774 earnem
427 725 465 772 ao
478 706 627 791 spiritum
642 706 823 786 annotatur,
840 708 991 789 quantum
1003 704 1130 770 uidetur
1140 704 1239 784 nobis,
1252 704 1411 771 euidenter

287 828 467 894 expressum
489 810 547 889 ast,
570 811 616 875 ita
637 813 674 875 ut
695 826 765 875 eam
787 809 863 893 ipsis
886 806 1113 893 quodammodo
1134 806 1281 873 manibus
1296 810 1409 875 nostrie

287 913 479 999 palpabilem
511 913 629 978 laetam
662 930 730 978 esse
765 912 939 979 credamus.
975 913 1007 976 et
1034 910 1147 977 idoiroo
1179 910 1261 976 hano
1292 927 1410 994 quoque

287 1018 441 1084 rationem
470 1016 561 1083 nobis
590 1013 738 1081 similiter
765 1015 908 1099 oupimue
933 1013 1061 1097 speriti,
1084 1013 1159 1095 quid
1180 1012 1308 1079 intersit
1329 1012 1410 1080 inter
1432 1036 1445 1077 s

287 1119 443 1187 oarnalom
476 1122 509 1185 et
540 1119 707 1185 animalem
743 1118 849 1184 uirnm
882 1117 934 1184 uel
967 1117 1228 1201 quemadmodum
1266 1118 1410 1185 animalis

287 1222 406 1292 earnnli
427 1222 527 1305 possit
549 1240 617 1289 ease
641 1220 786 1288 deterior.

328 1343 467 1421 XVIIII.
496 1358 667 1409 niumm
695 1339 874 1407 Seoundum
900 1337 1115 1407 definitionem
1145 1338 1319 1423 seripturae
1350 1344 1411 1407 tres

287 1446 362 1513 sunt
389 1445 565 1512 animarum
593 1447 705 1529 status,
740 1445 860 1527 primus
891 1444 1035 1522 minatis,
1068 1444 1220 1510 seeundus
1253 1443 1410 1529 animalia

287 1548 402 1616 tertius
423 1548 584 1632 spiritalis
613 1565 690 1630 quoe
712 1550 745 1613 in
766 1548 906 1629 apostolo
928 1547 976 1613 ita
996 1546 1131 1631 legimus
1146 1546 1314 1631 designari.
1337 1566 1447 1615 namra
1537 1547 1538 1626 ξ

288 1652 327 1717 de
342 1651 520 1717 oamalibns
534 1650 665 1718 dieitur:
680 1650 744 1717 lao
764 1651 879 1717 uobis
900 1652 1034 1735 potum
1057 1649 1162 1733 dedi,
1178 1668 1251 1717 non
1267 1669 1411 1719 esoamr

286 1754 449 1821 neodnm
490 1754 591 1820 enim
629 1752 840 1837 poteratis.
885 1753 951 1819 sed
993 1770 1061 1819 neo
1097 1754 1224 1820 adhue
1259 1753 1412 1838 quidem

287 1857 480 1941 potestis:
503 1855 630 1922 adhue
652 1856 758 1921 enim
781 1858 877 1921 estis
907 1856 1106 1937 earnales,
1133 1858 1165 1922 et
1186 1856 1318 1924 iterumr
1348 1856 1413 1925 ubi

287 1959 391 2025 enim
422 1959 484 2024 est
510 1960 622 2025 inter
649 1977 719 2025 uos
741 1960 849 2025 aelus
872 1962 912 2024 et
933 1960 1154 2038 cantantia,
1184 1978 1307 2026 nonno
1333 1978 1412 2026 ear·

286 2062 398 2128 nales
435 2061 560 2128 estis?
594 2063 633 2128 do
668 2062 800 2128 animali
835 2078 957 2146 quoqne
993 2061 1101 2128 taliter
1137 2064 1450 2131 commemoraturus

287 2164 473 2231 animalis
503 2165 633 2233 eutem
667 2164 780 2232 lromo
810 2183 883 2231 non
917 2164 1093 2248 percipit
1123 2184 1166 2231 ea
1194 2183 1291 2249 quae
1321 2167 1414 2233 sunt

286 2268 458 2352 spiritus
479 2269 559 2337 dei:
582 2268 772 2335 stultitin
793 2272 854 2334 est
877 2270 981 2335 enim
1003 2268 1086 2336 illi.
1118 2268 1308 2353 despiritali
1324 2286 1412 2337 uero:

286 2369 496 2455 spiritalis
529 2375 663 2438 autem
696 2372 899 2439 examinat
932 2373 1084 2453 omnia,
1121 2374 1205 2456 ipse
1238 2374 1413 2439 autema

285 2474 442 2540 nemine
473 2473 735 2559 diiudicatur,
769 2478 802 2541 et
835 2477 966 2543 iterum:
1001 2493 1068 2542 nos
1101 2477 1166 2559 qui
1199 2476 1412 2560 spirltalee

287 2578 386 2642 estIe
418 2576 611 2645 instruite
644 2596 709 2644 eos
743 2579 811 2661 qui
839 2578 1038 2645 eiusmodi
1069 2579 1231 2645 suntin
1261 2580 1450 2663 spirltum

257 2679 483 2753 alenitatis.
521 2680 628 2764 itaque
645 2680 858 2747 festinandum
873 2680 962 2747 nobis
978 2682 1037 2764 est,
1054 2682 1091 2747 ut
1107 2698 1179 2747 oum
1194 2682 1412 2749 renuntiantes

287 2781 471 2849 desierimus
503 2802 570 2850 ease
602 2785 754 2863 earnales,
789 2785 903 2873 idest
935 2804 955 2851 a
983 2783 1190 2851 eaenularium
1222 2784 1413 2868 ooeperImus

287 2888 522 2965 oonuersatione
551 2886 675 2969 seiungi
701 2887 735 2951 et
761 2888 801 2953 ab
828 2887 884 2953 illa
911 2887 1078 2955 manifesta
1105 2887 1208 2955 earnis
1237 2887 1412 2972 pollutione

286 3005 417 3074 cassare,
439 2988 614 3073 spiritalem
635 2990 757 3055 statum
778 2990 922 3073 protinus
951 2989 1179 3074 adprehendere
1200 2992 1269 3057 tota
1291 2990 1412 3057 uirtute

287 3092 434 3171 nitamur,
457 3111 497 3158 ne
519 3092 599 3159 forte
621 3092 819 3159 blandientes
842 3093 942 3172 nobis,
969 3094 1052 3177 quod
1073 3093 1219 3159 uidemur
1239 3094 1450 3161 sneundune

286 3194 469 3261 exteriorem
495 3194 654 3263 hominem
685 3197 760 3263 huie
787 3200 982 3265 renuntiasse
1013 3200 1129 3266 mundo
1157 3200 1209 3265 uel
1238 3200 1413 3267 carnalium

286 3300 524 3366 lomioationnm
547 3298 720 3369 deseruisse
740 3302 896 3386 oontagia,
912 3306 1075 3386 tamqnam
1101 3303 1154 3387 qui
1168 3321 1326 3369 summam
1341 3320 1412 3385 par·

285 3401 428 3467 leodonis
455 3422 511 3487 per
541 3404 600 3470 hoo
626 3402 931 3489 reprehenderimus,
955 3406 1146 3471 remissiores
1169 3406 1313 3489 deinoeps
1336 3424 1413 3491 erga
1538 3474 1539 3477 ,

285 3504 538 3572 emundationem
559 3508 734 3573 ueteranum
754 3507 933 3591 passionum
959 3507 1166 3593 lentioresque
1188 3509 1357 3576 reddamur
1379 3509 1413 3575 ot

388 3673 609 3740 undosae
708 3676 853 3733 mnea
955 3676 1196 3744 rorensem
1300 3678 1413 3735 mne

286 3760 319 3817 ro
422 3759 607 3829 ueneror
1538 3748 1539 3831 l

335 3913 489 3984 donantur
504 3914 545 3971 D¹
636 3915 767 3987 tipslo
858 3918 996 3988 deperire
1013 3918 1055 3975 Β*
1140 3918 1266 3975 ddaniel
1287 3918 1343 3978 ΟΧ

286 3997 316 4053 11
344 4000 496 4055 earnalilrus
521 4001 559 4056 Va
586 4002 688 4057 carnali
709 4002 752 4058 ita
776 4003 806 4060 D
835 4004 937 4059 earnali
965 4004 1101 4062 WOPXo
1219 4004 1293 4059 deuio
1318 4006 1343 4063 0
1538 4044 1539 4047 =

284 4084 318 4140 12
343 4100 394 4140 neo
418 4086 585 4144 DIVOPX=
614 4104 648 4143 ne
673 4089 701 4144 V
811 4090 844 4146 13
870 4092 899 4145 et
923 4090 1022 4145 iterum
1044 4092 1076 4146 ia
1097 4106 1184 4163 moro.
1206 4094 1279 4147 m
1304 4092 1345 4149 IV

285 4170 487 4230 lliauimaleO
575 4174 656 4230 atter
668 4175 726 4231 PX
817 4176 850 4231 16
860 4178 978 4247 pereepit
993 4176 1021 4231 V
1103 4178 1135 4233 l‘l
1148 4178 1274 4233 enimest
1287 4176 1342 4236 ΟΧ

285 4256 320 4312 19
340 4256 510 4314 deindioatur
529 4260 608 4315 ΒΨ*
636 4260 771 4317 indioatnr
788 4262 841 4319 ΟΧ
943 4262 1074 4332 spiritalis
1094 4260 1123 4319 V
1221 4262 1256 4318 20
1277 4260 1408 4318 instrueto

283 4340 362 4398 ΒΨ
447 4345 476 4399 in
489 4346 576 4405 oreo
660 4346 907 4404 22aaoularIumD
994 4348 1252 4406 dtemandntionem
1269 4346 1340 4407 IVP¹
