3092 4967
312 457 375 522 640
702 451 867 508 Iohannis
885 451 1042 506 Cassiani

313 663 368 709 sua
402 649 432 708 et
466 643 628 710 criminum
669 641 791 708 cumulo
832 643 1001 726 gloriantes
1037 641 1207 707 seeundum
1244 641 1412 706 sententiam

312 747 507 830 obiurgantis
529 745 661 828 apostoli
683 746 808 810 laudem
830 746 890 810 sibi
917 745 1075 827 quandam
1097 749 1135 810 de
1157 745 1330 810 confusione
1349 763 1411 808 con-

282 851 445 934 4quirant.
470 869 546 933 quos
563 851 659 916 etiam
674 849 847 914 Hieremias
862 850 1014 932 propheta
1027 869 1086 914 non
1101 850 1204 915 solum
1219 867 1278 914 non
1289 848 1411 913 nolentes

311 973 366 1020 nec
382 971 453 1018 oum
469 955 575 1035 requie
590 953 690 1018 cordis
706 955 737 1016 et
752 953 886 1036 corporis
898 951 1090 1033 flagitiorum
1103 950 1411 1034 criminaperpetrare,

312 1076 420 1122 uerum
444 1057 539 1122 etiam
563 1057 594 1120 in
619 1059 744 1120 tantum
768 1074 819 1119 eos
842 1055 957 1120 adserit
980 1054 1144 1120 laboriosis
1166 1055 1323 1119 conatibus
1337 1053 1440 1118 ntads

312 1159 455 1224 effectum
491 1176 594 1224 eorum
628 1159 811 1242 perueniant
849 1159 1006 1233 desudare,
1041 1163 1077 1222 ut
1110 1177 1129 1222 a
1160 1157 1250 1222 letali
1281 1157 1414 1222 scelerum

311 1263 453 1348 adpetitu
477 1282 532 1328 nec
555 1261 778 1328 obsistentibus
801 1262 845 1326 eis
861 1261 965 1326 arduis
982 1260 1224 1326 difficultatibus
1240 1263 1414 1334 reuocentur,

282 1367 432 1433 5dieens:
457 1366 500 1430 ut
521 1364 652 1447 inique
675 1365 856 1446 agerent,
879 1363 1180 1430 laborauerunt.
1214 1365 1295 1430 illud
1310 1382 1415 1446 quoque

312 1469 380 1551 quis
397 1469 509 1534 dixerit
524 1468 735 1549 peecatoribus
751 1468 926 1532 conuenire:
950 1470 1084 1548 itaquo
1106 1484 1175 1552 ego
1198 1470 1283 1551 ipse
1305 1469 1416 1532 mento

311 1573 443 1636 seruio
466 1571 548 1655 legi
571 1569 648 1648 dei,
673 1589 789 1635 carne
811 1572 943 1634 autem
969 1569 1051 1652 legi
1083 1568 1258 1652 peccati,
1280 1588 1352 1652 quoa
1371 1587 1444 1634 noco

200 1711 203 1720 ·
312 1676 416 1740 mente
432 1692 487 1740 nee
503 1691 595 1738 earne
611 1673 667 1738 deo
679 1673 795 1738 seruire
806 1673 1009 1738 manifestum
1021 1675 1089 1738 esta
1105 1676 1161 1738 aut
1172 1675 1416 1756 quemadmodum

311 1777 344 1841 hi
378 1779 430 1859 qui
463 1795 588 1862 corpore
621 1780 751 1859 peccant
781 1781 885 1840 monto
919 1777 1057 1841 seruiunt
1087 1777 1153 1857 deo,
1183 1795 1256 1841 oum
1283 1777 1416 1840 uitiorum

311 1881 453 1946 fomitem
487 1898 556 1944 caro
587 1899 623 1942 ex
658 1879 748 1944 eorde
782 1880 937 1961 concipiat
970 1883 1002 1943 et
1031 1881 1096 1962 ipso
1129 1882 1238 1945 auctor
1271 1882 1417 1962 utriusque

312 1986 441 2048 naturae
472 1983 588 2048 sontem
620 1986 713 2065 atque
744 1984 895 2066 originem
917 1986 1113 2067 peccatorum
1136 2003 1172 2048 ex
1194 2002 1229 2048 eo
1252 1985 1418 2067 pronuntiet

313 2104 455 2150 emanare
488 2089 531 2150 de
566 2090 693 2164 eorde,
727 2087 882 2170 inquiens,
916 2088 1132 2170 procedunt
1165 2089 1444 2169 cogitationem

312 2191 451 2267 malae,
474 2190 697 2274 adulteria,
720 2190 1026 2268 fornicationes,
1050 2191 1174 2271 furta,
1198 2189 1417 2255 falsatesti·

283 2293 439 2358 limonia
476 2295 507 2357 et
537 2295 662 2358 cetera?
706 2296 903 2376 quamobrem
940 2295 1098 2359 euidenter
1135 2295 1307 2358 ostenditur
1341 2292 1415 2356 nullo

311 2397 400 2460 modo
435 2396 492 2460 hoe
526 2397 563 2460 de
597 2401 794 2479 peccatorum
828 2397 971 2482 intellegi
999 2414 1086 2482 posse
1115 2396 1264 2478 personis,
1295 2396 1345 2480 qui
1365 2414 1415 2459 non
1522 2450 1523 2459 ,

311 2499 412 2562 solum
443 2518 501 2564 non
533 2501 672 2580 oderunt,
703 2501 754 2564 sed
786 2503 879 2566 etiam
908 2499 1046 2585 diligunt
1074 2500 1161 2564 mala
1188 2502 1220 2563 et
1248 2499 1280 2564 in
1307 2503 1415 2564 tantum

311 2603 366 2665 deo
390 2621 445 2666 nee
468 2605 572 2666 mente
594 2621 650 2668 neo
673 2621 763 2668 earne
780 2604 969 2683 deseruiunt,
985 2610 1020 2669 ut
1036 2607 1108 2668 ante
1125 2603 1308 2684 delinquant
1322 2605 1443 2667 merten

310 2723 402 2786 quam
427 2723 527 2781 carne,
551 2711 582 2768 et
605 2707 787 2788 priusquam
810 2709 944 2787 corporis
961 2707 1103 2787 expleant
1118 2705 1323 2788 uoluptatem,
1339 2721 1415 2786 prae·

311 2808 478 2870 ueniantur
500 2809 614 2873 mentis
638 2827 711 2874 suae
742 2811 1024 2894 cogitationumque
1046 2815 1182 2894 peccato.

352 2925 392 2990 Il.
417 2926 564 3010 Superest
594 2929 692 3012 igitur
722 2933 758 2995 nt
787 2931 937 2996 uirtutem
968 2949 1076 2996 sensus
1104 2951 1140 2997 ex
1161 2930 1275 2996 intimo
1298 2927 1417 2996 dicentis

310 3031 477 3095 metiamur
511 3030 643 3115 adiectu,
677 3037 708 3098 et
741 3035 815 3116 quid
844 3034 953 3100 beatus
982 3034 1141 3117 apostolus
1171 3035 1285 3100 dixerit
1316 3036 1417 3098 tonum

311 3133 424 3216 quidue
459 3135 675 3216 conparatione
709 3136 776 3201 eius
813 3137 1062 3218 pronuntiauerit
1098 3138 1220 3204 malum
1254 3156 1316 3204 non
1346 3135 1442 3200 nudae
1520 3116 1521 3193 l

311 3237 540 3320 significatione
556 3237 732 3322 uerborum,
751 3239 806 3304 sed
822 3241 929 3306 eodem
944 3259 1003 3322 quo
1018 3241 1073 3306 ille
1083 3241 1292 3306 discutiamus
1303 3240 1417 3311 intuitu,

411 3445 428 3497 2
456 3445 489 3497 cf.
509 3444 580 3498 Phil.
604 3445 627 3506 3,
653 3446 685 3498 19
790 3445 807 3498 8
833 3443 948 3498 Hieram.
972 3446 997 3508 9,
1020 3445 1036 3498 5
1139 3447 1157 3499 9
1184 3443 1261 3497 Roma
1285 3445 1308 3505 1,
1329 3441 1361 3494 25

313 3530 523 3594 ltltt.15,19
1519 3534 1520 3559 ¹

361 3699 590 3755 3iheremias0
691 3700 817 3754 deordia
836 3705 863 3753 et
881 3718 931 3754 oro.
948 3702 986 3771 ptr
1089 3701 1255 3770 flagitiorum
1272 3702 1326 3754 eina
1342 3699 1370 3768 βε
1395 3695 1416 3748 tl.

310 3801 385 3840 eoae
489 3787 565 3840 lois
587 3787 698 3856 scripsi:
730 3802 772 3840 eos
791 3787 818 3842 B
845 3803 896 3842 oro.
913 3787 1008 3857 FOdo
1111 3787 1203 3858 arduis
1226 3785 1416 3842 difficultatibus
1518 3828 1519 3839 ,

310 3887 359 3927 oro.
377 3871 406 3924 F
490 3873 717 3940 ilpoecatoriBF
803 3873 835 3926 10
852 3877 941 3928 autem
957 3875 1015 3942 lage
1032 3873 1059 3928 Β
1147 3873 1256 3944 llaut]
1274 3871 1359 3927 1111Ι

310 3957 541 4026 quemammodum
560 3959 588 4012 B
699 3960 729 4012 12
747 3959 950 4016 1111Β14ὋΚΖι
1054 3960 1100 4028 qui
1118 3975 1170 4014 om.
1186 3959 1227 4028 βν
1326 3955 1416 4026 poscent

312 4059 416 4112 corpore
428 4044 466 4112 βν
493 4049 602 4112 peccant
613 4061 746 4112 corporee
836 4047 955 4100 seruiaut
967 4046 1036 4100 K¹Z
1039 4062 1067 4100 r:
1093 4047 1216 4100 seruiunt
1229 4043 1360 4100 Brome

312 4129 344 4183 16
363 4129 551 4184 fornicationes
570 4131 642 4183 surta
660 4148 710 4186 om.
728 4131 787 4186 BF
881 4132 951 4186 falsa
968 4132 1124 4186 testimonia
1142 4148 1192 4186 om.
1214 4131 1280 4202 Otio
1296 4131 1338 4196 (cs.
1353 4127 1412 4180 luel·

318 4215 366 4277 VI,
384 4218 414 4278 2)
519 4217 549 4270 21
570 4216 656 4284 carna]
675 4217 836 4286 corporatio
930 4218 1055 4286 corporis]
1074 4219 1163 4271 caruis
1179 4217 1218 4287 βυ
1316 4215 1347 4268 22
1361 4224 1412 4266 scat

247 4354 251 4364 ,
310 4317 360 4356 ona.
378 4302 415 4368 llo
515 4303 549 4354 23
568 4303 700 4356 uirtutum
719 4303 811 4356 ΕΚΖ·
914 4303 948 4358 24
965 4303 1110 4358 metiamur
1127 4303 1169 4357 K¹
1266 4301 1362 4356 adiectu
1377 4293 1409 4348 Is:

311 4387 355 4440 ad.
373 4387 429 4440 rell.
533 4387 565 4440 25
585 4391 767 4457 conparatioui
786 4390 843 4444 BF
942 4390 1005 4460 non]
1023 4406 1072 4444 nec
1088 4390 1181 4446 11110ι
