3092 4967
524 446 686 505 Conlatio
711 448 744 511 X,
761 448 840 503 4-6.
1184 447 1245 515 291

119 644 227 705 tamen
260 638 293 703 in
328 636 455 703 illorum
483 654 605 721 quoquo
631 636 757 715 animis,
791 637 844 720 qui
879 652 1050 719 numquam
1084 634 1248 721 gentilicia

117 740 340 827 superstitione
372 740 485 824 poliuti
518 744 602 825 sunt,
635 742 692 807 sub
728 741 829 807 colore
861 739 1035 805 testimonii
1064 739 1157 829 buius
1188 756 1247 823 quo

119 845 253 911 diciturz
284 844 480 909 faciamus
510 843 704 911 bominem
733 844 779 909 ad
802 843 1018 927 imaginem
1040 847 1079 908 et
1100 844 1247 909 simili·

119 947 299 1014 tudinem
331 951 521 1029 nostram,
555 945 703 1030 inperitia
730 966 786 1013 seu
818 946 993 1013 rusticitate
1022 946 1153 1013 faciente
1176 960 1248 1013 oon-

99 1056 241 1118 atractua
264 1054 322 1127 eat,
345 1050 394 1117 ita
414 1055 451 1117 ut
473 1050 572 1115 etiem
593 1049 730 1117 haeresia
758 1066 838 1135 quae
865 1050 981 1115 dicitur
1003 1050 1249 1133 Anthropomor·

120 1154 283 1237 pbitarum
320 1155 377 1220 sub
414 1153 572 1221 occasione
616 1141 819 1219 detestandae
856 1153 948 1219 huius
985 1151 1250 1236 interpretationis

121 1257 294 1341 emerserit,
331 1275 410 1341 quae
446 1260 622 1324 inmensam
658 1256 749 1323 illam
787 1274 824 1323 ac
857 1256 1033 1341 simplicem
1073 1254 1250 1321 diuinitatis

120 1362 334 1427 substantiam
355 1361 551 1429 liniamentis
572 1360 686 1427 nostris
709 1361 741 1425 et
755 1360 893 1427 hnmana
910 1359 1096 1445 figuratione
1111 1358 1251 1443 conposi-

121 1468 187 1532 tam
220 1466 374 1548 pertinaci
406 1464 613 1549 pemersitate
647 1463 815 1530 contendit.
855 1482 949 1548 quam
982 1466 1088 1531 umen
1121 1463 1147 1529 si
1182 1461 1282 1547 quia3

90 1567 218 1633 afuerit
242 1567 404 1634 catholicis
427 1568 626 1651 dogmatibus
648 1566 815 1633 institutus
842 1567 879 1632 nt
894 1567 1044 1651 gentilem
1060 1566 1251 1651 blasphemi·

122 1692 173 1739 am
195 1672 408 1739 detestabitur
432 1674 465 1737 et
487 1672 535 1737 ita
549 1673 590 1737 ed
604 1670 695 1737 illam
711 1669 860 1737 orationis
877 1670 1079 1754 purissimam
1094 1671 1254 1753 perueniat

123 1775 320 1858 qualitatem,
352 1793 430 1857 qnae
461 1792 522 1839 uon
551 1774 653 1839 solum
686 1773 808 1839 nullam
839 1774 1013 1840 diuinitatis
1036 1774 1174 1859 effigiem
1198 1792 1254 1839 noc

123 1878 308 1945 bmamonta
340 1895 495 1962 corporea,
530 1876 612 1961 quod
645 1876 733 1943 dictu
765 1895 887 1961 quoque
922 1878 1008 1943 nolas
1043 1882 1101 1957 est,
1136 1879 1168 1943 in
1198 1896 1255 1944 sua

124 1983 352 2066 supplicatione
374 1982 529 2060 miscebit,
552 1982 606 2049 sed
628 2002 667 2047 ne
689 1980 790 2047 ullam
817 1982 944 2065 quidem
967 1986 999 2048 in
1022 2000 1055 2047 se
1070 1983 1254 2048 memoriam

94 2085 202 2152 edicti
236 2084 421 2169 cuiusquam
455 2085 507 2151 uel
539 2084 617 2151 iacti
653 2086 791 2170 speciem
826 2104 881 2151 seu
914 2084 1047 2151 formam
1086 2084 1256 2153 cuiuslibet
1355 2180 1359 2189 1

127 2188 317 2255 characteris
339 2187 497 2254 admittet.

168 2310 223 2375 VI.
257 2308 434 2376 Secundum
470 2328 647 2375 mensuram
691 2328 828 2394 namque
868 2309 1016 2393 puritatis
1054 2328 1138 2393 suae,
1175 2309 1257 2375 siout

126 2414 283 2496 superiore
320 2414 492 2481 conlatione
536 2414 696 2496 praelatus
736 2432 817 2495 aum,
862 2432 1062 2497 unaquaequo
1100 2432 1186 2480 mons
1223 2414 1256 2482 in

127 2516 267 2583 oratione
287 2535 346 2581 sua
367 2518 419 2583 uel
441 2517 573 2602 origitur
596 2519 647 2584 uel
668 2518 832 2594 formatur,
847 2517 972 2583 tautum
988 2515 1108 2583 scilicet
1124 2519 1255 2583 aterro-

94 2639 235 2686 nonarum
258 2639 295 2685 ac
317 2620 530 2687 materialium
551 2639 655 2686 rerum
681 2619 943 2703 contemplatione
967 2619 1134 2698 discedens,
1158 2638 1256 2703 quau·

128 2723 196 2789 tum
219 2742 289 2791 eam
310 2727 412 2791 statue
430 2743 503 2791 snae
526 2723 701 2807 prouexerit
723 2725 871 2807 puritatis
895 2724 1067 2809 feceritque
1083 2726 1189 2791 Iseum
1205 2725 1256 2791 uel

129 2826 280 2892 bumilem
303 2826 405 2894 adbuc
425 2830 457 2893 ot
480 2846 635 2907 carneum,
665 2827 718 2893 nel
740 2828 949 2911 glorificatum
971 2830 1004 2895 et
1026 2829 1060 2893 in
1082 2827 1257 2895 maiestatis

130 2948 205 2995 auae
233 2932 334 3017 gloria
364 2930 544 2998 uenientem
578 2931 710 2997 internis
744 2932 907 2999 obtutibus
936 2933 1059 2999 animae
1092 2932 1255 3017 perdideri.

132 3050 192 3098 non
224 3034 309 3100 enim
337 3039 484 3116 poterunt
516 3033 633 3101 intueri
662 3034 770 3099 Iesum
798 3035 977 3101 uenientem
1005 3038 1037 3102 in
1066 3054 1160 3121 regno
1190 3034 1288 3113 suoi

96 3136 187 3219 equi
215 3138 316 3205 adhuc
343 3136 403 3205 sub
431 3139 492 3205 illa
522 3139 748 3221 quodammodo
778 3138 907 3204 Iudaica
929 3138 1114 3205 infirmitate
1137 3139 1256 3205 detenti

132 3259 195 3306 nou
225 3246 345 3325 queunt
372 3241 473 3308 dicere
501 3261 573 3309 cum
604 3242 759 3324 apostolo:
788 3246 826 3308 et
856 3243 889 3307 si
920 3244 1179 3327 cognouimus
1202 3258 1258 3306 aa·

132 3346 296 3411 cundum
320 3364 481 3411 carnem
503 3344 722 3424 Christum,
746 3347 814 3411 sed
837 3365 936 3413 nunc
957 3345 1033 3411 iam
1057 3364 1130 3411 non
1150 3346 1259 3411 noui·

233 3573 332 3629 ilGon.
352 3577 376 3637 1,
394 3574 428 3630 26
528 3576 562 3632 16
579 3574 673 3641 VIIII,
692 3575 717 3641 8,
736 3576 753 3632 2
851 3574 1011 3633 261100r.
1030 3577 1054 3642 5,
1074 3576 1105 3631 16

187 3785 314 3855 lgentili
333 3786 385 3842 Xe
488 3788 675 3843 itestemonii
691 3788 726 3843 V¹
830 3790 1076 3860 bantbropomorf.
1095 3790 1141 3848 VO
1170 3792 1261 3845 autre·

136 3872 314 3939 pomori.DP
399 3873 665 3943 binterpratatiouea
675 3871 718 3929 D¹
806 3874 839 3929 10
851 3874 928 3931 blasi.
945 3875 1023 3933 VDO
1113 3876 1261 3932 mdiorum

142 3954 202 4010 VP¹
295 3958 329 4013 16
347 3960 489 4015 amris
511 3958 567 4015 ΟΧ
656 3959 781 4015 admittit
802 3960 854 4016 VP
880 3962 1066 4019 admittereO
1162 3964 1194 4019 19
1212 3961 1262 4019 soi·

138 4040 244 4098 leeitV
333 4060 417 4100 eoru.
433 4044 464 4101 D
558 4046 593 4101 20
610 4045 748 4102 descedens
770 4045 805 4100 V¹
901 4049 934 4103 21
953 4064 983 4103 ea
1000 4049 1067 4103 stati
1085 4064 1148 4105 suae
1164 4048 1195 4105 D

139 4126 396 4188 2iuelcameum0
481 4132 627 4187 maiistatis
647 4133 670 4186 V
693 4134 853 4204 magestatis
870 4133 925 4191 ΟΧ
1010 4134 1044 4190 23
1061 4136 1149 4205 gloria
1166 4136 1195 4190 D

140 4217 274 4282 optutibus
290 4217 321 4274 D
406 4219 543 4288 perdidero
561 4234 595 4275 ex
612 4220 723 4290 puidere
742 4221 771 4275 D
857 4222 892 4275 24
909 4221 1099 4291 potueruntO
1185 4222 1262 4291 riguo

147 4297 172 4351 V
194 4302 220 4356 in
237 4320 319 4375 regno
336 4320 384 4359 ruo
401 4305 550 4360 uenientem
568 4304 599 4361 D
696 4304 731 4359 26
748 4305 946 4375 quodammodo
969 4306 995 4361 V
1090 4308 1125 4365 26
1142 4306 1265 4377 apostole

146 4384 174 4437 V
195 4404 251 4444 curn
267 4390 388 4461 apostolo
406 4390 535 4448 dicereO
636 4408 698 4447 eum
714 4392 861 4448 secundnm
884 4391 906 4448 Ο

1107 4498 1162 4553 19*
