3092 4967
483 426 642 483 Conlatio
665 426 756 493 XVII,
772 425 816 484 25.
1150 429 1212 496 491

99 617 185 683 enim
221 615 490 699 pertransibo.
540 615 637 699 apud
675 633 742 680 uos
781 616 911 682 autem
950 616 1113 682 manebo
1152 617 1215 682 uel

101 721 205 787 etiem
236 719 435 799 hiemabo,
468 719 511 784 nt
543 736 611 784 uos
643 737 700 784 me
734 718 942 804 deducatis
975 737 1213 802 quorumque

101 824 180 889 iero.
215 824 303 889 nolo
326 821 432 890 enim
454 840 523 888 noe
545 824 653 888 modo
676 821 912 888 intransitu
931 821 1082 888 nidere:
1102 841 1213 906 spero

98 929 189 994 onim
209 945 268 994 me
290 926 705 1008 aliquanto‘tempore
727 943 882 992 manere
905 926 1003 1010 apud
1020 943 1097 992 uos.
1125 927 1214 994 cuine

82 1034 137 1102 arei
163 1032 257 1098 etiam
287 1029 321 1096 in
349 1031 485 1096 seounda
512 1028 647 1111 epistula
674 1029 721 1094 ite
751 1029 912 1096 meminit:
936 1034 973 1095 et
996 1030 1067 1096 hae
1090 1031 1214 1096 eonfi-

99 1137 220 1203 doutie
257 1132 368 1200 uolui
405 1132 516 1216 prius
552 1132 691 1198 uenire
723 1134 768 1198 ad
805 1151 888 1224 uos,
926 1135 968 1198 ut
1001 1137 1213 1200 secundam

97 1238 255 1323 gratiam
288 1236 508 1318 haberetis,
542 1238 580 1302 et
613 1254 682 1319 per
715 1254 785 1302 nos
816 1236 989 1304 transire
1019 1239 1057 1303 in
1087 1239 1213 1306 Maon·

96 1343 258 1419 doniam‚
291 1341 495 1406 etiterum
520 1357 539 1405 a
560 1339 793 1407 Macedonia
823 1341 957 1406 uenire
979 1345 1023 1408 ed
1047 1360 1113 1408 noe
1136 1345 1173 1408 et
1194 1363 1213 1410 a

96 1446 196 1511 uobis
227 1443 365 1511 dednoi
388 1445 424 1509 in
446 1444 643 1510 Iudaeam.
682 1445 738 1511 sed
769 1445 1009 1528 superueniente
1040 1447 1212 1514 salubriore

68 1578 89 1618 n
96 1551 212 1616 oonsilio
233 1567 428 1633 nequaquam
444 1567 478 1614 se
495 1549 526 1613 id
543 1549 624 1630 quod
642 1549 830 1630 promiserat
846 1554 1025 1614 exsecutum
1042 1549 1210 1616 euidentis-

94 1656 163 1720 sime
194 1652 368 1720 confitetur.
405 1670 488 1716 oum
509 1651 597 1735 hoo,
619 1650 732 1734 inquit,
759 1652 997 1732 noluissem,
1022 1652 1212 1736 numquid

94 1757 255 1823 lenitate
297 1774 387 1821 uene
431 1755 536 1820 sum?
580 1757 646 1820 ant
689 1774 789 1838 quae
832 1757 964 1840 rogito
1001 1758 1211 1822 secundnm

92 1881 236 1929 earnem
265 1861 416 1944 cogito,
447 1859 566 1925 nteit
592 1859 695 1942 apud
716 1846 853 1926 meost
875 1863 937 1926 est
960 1863 997 1924 et
1019 1877 1092 1926 non
1115 1863 1212 1925 nont

92 1967 213 2049 denique
249 1983 303 2030 onr
339 1962 486 2028 maluerit
522 1963 735 2029 definitionem
774 1964 823 2027 sui
857 1965 1027 2046 praeterire
1059 1963 1240 2031 sermoniess

64 2088 177 2151 nquam
197 2068 332 2136 aduentu
354 2084 409 2132 suo
432 2084 591 2133 onerosam
613 2065 776 2148 discipulis
792 2066 907 2132 inferre
924 2065 1096 2145 tristitiam,
1114 2068 1210 2133 etiam

91 2191 155 2236 oum
183 2170 371 2239 sacramenti
400 2169 613 2236 obtestatione
642 2168 796 2236 declaret:
823 2186 892 2254 ego
915 2175 1042 2234 nutem
1066 2170 1211 2236 testem

90 2275 190 2341 deum
211 2278 349 2341 innoeo
371 2272 410 2338 in
433 2273 604 2338 animam
626 2290 767 2357 meam,
793 2273 894 2356 quod
916 2273 1209 2355 paroensuobis

90 2395 155 2444 uon
175 2379 264 2446 ueni
287 2378 396 2444 ultra
426 2375 669 2442 Corinthum.
706 2377 835 2442 statui
865 2376 967 2442 enim
995 2377 1063 2442 hoo
1085 2377 1208 2458 ipsum

90 2486 180 2564 apud
211 2501 282 2560 me,
313 2483 455 2546 utnon
484 2481 524 2544 in
553 2479 737 2545 tristitia
762 2481 939 2544 uenirem
962 2481 1005 2544 ad
1028 2497 1102 2544 uos.
1137 2499 1209 2546 enm

60 2586 250 2652 einbatnroe
271 2603 304 2651 se
325 2583 453 2649 domum
469 2583 548 2648 Loth
563 2582 707 2648 Sodomis
731 2582 834 2666 angeli
851 2582 1055 2664 denegassent
1070 2585 1209 2650 dieentes

88 2690 122 2753 nd
144 2709 228 2756 eum:
252 2706 324 2754 non
345 2686 601 2762 intrabimus,
633 2687 703 2752 eod
734 2687 773 2752 in
796 2685 930 2770 platea
951 2687 1209 2768 manebimus,

88 2794 225 2859 continuo
240 2792 307 2860 eius
321 2790 465 2874 preoibus
481 2790 701 2872 conpelluntur
716 2791 875 2856 statutum
887 2791 1008 2856 mutere
1021 2807 1206 2870 sermonem,

87 2895 164 2961 siout
185 2897 339 2978 eoriptnra
359 2894 536 2977 subiungit:
560 2895 598 2960 et
620 2894 748 2978 ooegit
777 2911 838 2958 eos
861 2893 979 2972 Loth,
1008 2897 1046 2960 et
1075 2895 1209 2959 dener·

86 3000 212 3064 terunt
242 3000 287 3064 nd
318 3017 410 3064 enm.
447 2998 501 3080 qui
531 2997 640 3079 ntique
669 2999 696 3062 ei
725 2996 907 3064 denerenroe
931 2998 969 3062 nd
993 3016 1064 3063 eum
1087 3015 1152 3062 esse
1175 3001 1238 3065 eet)

55 3104 240 3180 euenerant
262 3101 428 3167 inuitantis
450 3101 630 3185 petitionem
656 3101 855 3168 simulatoria
877 3101 1076 3168 excusatione
1092 3118 1208 3165 rennu-

181 3264 245 3319 511
263 3265 323 3318 Cor.
344 3267 366 3330 l,
387 3267 488 3319 15-16
591 3266 621 3318 11
641 3265 659 3318 l.
679 3280 701 3318 o.
721 3264 753 3319 l't
853 3263 922 3318 161.
941 3279 962 3317 o.
982 3263 1015 3318 23
1035 3262 1139 3330 et2,1

85 3348 113 3404 21
133 3349 292 3417 Gen.19,2
394 3351 465 3405 221.
484 3350 654 3419 eamn)

133 3500 146 3550 1
165 3500 233 3552 enim
251 3513 302 3552 orn.
321 3498 346 3552 0
431 3503 497 3567 aput
509 3498 601 3553 ΣΠΟ
686 3497 821 3552 tdnoetis
833 3500 859 3550 Ῥ
942 3497 959 3552 3
977 3513 1023 3551 uos
1042 3513 1092 3552 om.
1110 3497 1140 3548 Π
1235 3505 1239 3512 “

83 3582 225 3637 transitum
242 3583 346 3636 21110
430 3585 448 3638 4
466 3584 538 3638 enim
553 3600 604 3638 om.
623 3586 648 3636 T
731 3589 798 3652 aput
811 3583 870 3637 ΣΟ
956 3583 1027 3654 apud
1040 3599 1088 3638 nos
1102 3597 1206 3636 manere

84 3671 107 3719 ‘P
186 3670 328 3739 §epistola
340 3669 394 3723 ΤΟ
474 3669 539 3723 haee
550 3669 622 3722 11¹0
708 3670 880 3724 terrestrem
894 3671 943 3724 Συ
962 3669 1092 3723 transsire
1104 3671 1138 3721 Y¹¹

81 3755 99 3808 8
116 3757 230 3812 uenirem
248 3757 277 3808 Σ
367 3755 400 3809 10
418 3755 446 3810 id
464 3772 491 3810 ee
509 3757 534 3808 Y
618 3758 755 3811 executum
775 3755 834 3808 ΣΟ
921 3758 950 3810 ll
970 3755 1065 3823 inqnid
1084 3753 1138 3807 ΤΟ

82 3845 204 3911 numquit
221 3844 249 3895 Σ
346 3843 380 3895 13
396 3845 465 3911 aput
482 3841 575 3896 ΣΠΟ
673 3844 701 3896 et
719 3858 770 3896 orn.
788 3843 874 3896 Ht'O
978 3843 1009 3896 14
1027 3857 1095 3911 qnur
1114 3841 1139 3896 0

84 3929 115 3981 15
126 3928 237 3984 aduente
249 3929 279 3980 Π
281 3933 287 3958 ¹
367 3927 524 3982 honerosum
536 3929 563 3979 Π
637 3928 748 3983 inferret
760 3931 789 3981 Σ
867 3929 899 3983 16
911 3927 989 3982 deum
1001 3931 1099 3982 testem
1114 3926 1139 3980 Ο

83 4013 113 4066 li
131 4015 217 4069 anima
233 4029 293 4069 met
311 4016 339 4067 Σ
424 4030 510 4068 meam
528 4031 579 4070 om.
598 4015 627 4067 Π
722 4016 754 4069 19
772 4019 838 4084 aput
856 4017 884 4066 Σ
890 4014 919 4066 Π
925 4012 950 4067 0
1043 4014 1078 4068 20
1095 4013 1154 4068 lobt
1173 4015 1207 4079 0,

82 4099 231 4166 itemtnfrn
316 4101 348 4156 21
362 4099 459 4169 plateis
470 4102 495 4152 Τ
586 4102 620 4154 23
631 4100 766 4156 scribtura
778 4103 802 4152 Τ
886 4101 1055 4156 diuerterunt
1067 4101 1138 4152 11²¹?

80 4182 114 4236 24
133 4185 165 4252 si]
183 4202 211 4238 se
228 4187 269 4238 Σ;
299 4201 349 4239 orn.
368 4187 393 4237 Y
485 4185 637 4240 diuersums
655 4186 710 4240 ΤΟ
807 4203 834 4240 ss
853 4202 903 4242 om.
921 4188 950 4238 Σ
1046 4202 1073 4238 se
1091 4185 1203 4240 adeum

80 4271 176 4332 esseO
266 4270 301 4324 25
319 4270 449 4340 petitione
469 4270 496 4322 Π
586 4276 751 4326 rennuerunt
769 4274 817 4324 7¹¹:
848 4275 994 4326 renuerunt
1016 4272 1117 4323 ZHY'
1147 4286 1207 4324 ren·

82 4360 191 4412 nuerent
208 4356 233 4409 0
