3092 4967
299 428 362 493 298
692 424 856 481 Iohannis
874 422 1033 477 Cassiani

301 633 423 679 omnem
459 616 577 679 statum
608 621 703 696 atque
739 614 902 679 uniuersos
939 613 1083 677 incursus
1120 612 1243 694 propria
1279 610 1351 675 satis
1382 614 1408 673 at

301 725 501 798 conpetenter
528 724 663 801 aptatur.
701 717 798 783 babet
825 717 979 799 siquidem
1009 717 1158 783 aduersus
1188 716 1332 779 uniuersa
1354 713 1409 777 dia·

301 823 434 887 crimina
456 822 684 900 inuocationsm
707 823 766 898 dei,
784 821 879 887 babet
894 821 1109 886 bumilitatem
1124 821 1194 902 piae
1210 817 1408 893 confessionis,

300 925 395 990 habet
425 924 646 991 sollicitudinis
682 946 718 992 ac
750 924 873 989 timoris
906 925 1048 1007 perpetui
1083 924 1293 1005 uigilantium,
1330 920 1410 987 habat

300 1028 582 1093 considerationem
614 1028 798 1114 fragilitatis
827 1046 911 1105 suae,
941 1028 1145 1093 exauditionis
1172 1026 1331 1111 fiduciam,
1350 1044 1436 1091 oon-r

268 1132 463 1205 4lidentiam
485 1134 659 1215 praesentis
680 1152 803 1215 semper
829 1132 1045 1214 adstantisque
1068 1131 1226 1214 praesidii.
1265 1131 1319 1213 qni
1339 1129 1410 1193 enin

298 1236 414 1319 iugiter
444 1255 536 1301 suum
569 1237 696 1301 inuocat
728 1239 944 1319 protectorem,
979 1239 1082 1301 certus
1116 1241 1165 1301 est
1198 1254 1270 1299 eum
1304 1252 1411 1317 semper

299 1358 364 1405 cass
393 1344 599 1423 praesentem.
638 1339 733 1405 habet
760 1342 875 1405 amoris
905 1348 935 1405 st
964 1341 1107 1405 caritatis
1140 1340 1295 1418 ardorem,
1331 1336 1412 1401 habat

298 1442 487 1510 insidiarum
515 1446 810 1527 contemplationem
840 1444 1100 1528 inimicorumque
1123 1442 1333 1519 formidinem,
1354 1440 1412 1523 qul·

298 1548 358 1613 bus
380 1547 568 1631 perspiciens
589 1554 689 1613 semet
710 1551 815 1633 ipsum
837 1549 888 1614 die
911 1551 1066 1631 noctuque
1084 1548 1239 1613 uallatum
1259 1544 1438 1611 confiteturn

298 1672 331 1715 se
353 1669 415 1716 non
437 1668 528 1735 posse
543 1652 611 1717 sins
627 1652 676 1716 sui
692 1650 865 1717 defensoris
880 1652 994 1717 auxilio
1010 1650 1147 1717 liberari.
1186 1652 1239 1715 liic
1254 1647 1413 1714 uersiculus

298 1755 443 1821 omnibus
475 1754 676 1820 intestatione
709 1755 894 1819 daemonum
930 1756 1142 1820 laborantibus
1176 1751 1414 1837 inexpugnabilis

298 1876 408 1923 mmus
438 1862 486 1923 ast
514 1864 547 1922 ot
574 1857 813 1939 inpenetrabilis
839 1858 939 1924 lurica
969 1878 1006 1924 ac
1033 1858 1265 1924 munitissimus
1289 1856 1414 1940 clypeus.

299 1962 360 2026 ists
389 1962 423 2025 in
444 1964 552 2027 acedia
578 1970 611 2026 st
632 1963 788 2027 anxietate
818 1961 914 2027 animi
943 1962 1118 2027 conlocatos
1141 1980 1196 2025 seu
1219 1960 1353 2025 tristitia
1372 1958 1415 2023 uel

299 2065 538 2148 cogitationibus
561 2066 807 2150 quibuscumque
836 2070 995 2149 depressos
1017 2066 1127 2131 salutis
1150 2066 1288 2130 remedia
1318 2065 1442 2145 deapon

298 2188 367 2235 rane
402 2187 463 2235 non
498 2170 628 2252 patitur,
667 2171 834 2235 ostendens
870 2170 962 2235 illum
991 2189 1083 2252 quem
1117 2170 1242 2233 inuocat
1275 2169 1416 2252 inspicare

299 2274 416 2357 iugiter
440 2277 548 2339 nostra
570 2274 744 2339 certamina
765 2278 860 2358 atque
882 2294 901 2339 a
922 2274 987 2339 suis
1010 2272 1201 2355 supplicibus
1224 2290 1287 2337 non
1311 2272 1415 2337 abere.
1521 2302 1522 2351 3

267 2380 358 2446 diste
386 2395 442 2443 nos
470 2379 502 2443 in
531 2378 726 2460 spiritalibus
754 2378 949 2443 successibus
978 2380 1137 2460 cordisque
1164 2377 1288 2441 laetitia
1309 2374 1416 2441 consti·

298 2487 383 2547 tutos
406 2482 552 2547 admonet
574 2482 683 2547 extolli
706 2483 831 2561 penitus
854 2500 917 2545 nou
939 2480 1051 2545 debere
1073 2499 1131 2545 nec
1160 2481 1265 2546 inflari
1294 2481 1333 2545 de
1355 2494 1418 2562 pro·

297 2604 386 2668 spero
419 2589 516 2669 statu,
550 2604 641 2669 quem
673 2586 741 2651 sine
775 2591 951 2668 protectore
986 2587 1042 2649 deo
1077 2584 1206 2649 retineri
1241 2601 1303 2647 non
1338 2599 1444 2667 possen

298 2691 443 2764 testatur,
468 2690 542 2753 dam
565 2707 627 2755 non
649 2690 751 2754 solum
773 2708 845 2755 eum
868 2708 1000 2771 semper,
1028 2689 1082 2753 sed
1106 2690 1200 2753 etiam
1223 2687 1375 2752 uelociter
1389 2692 1419 2747 ut

296 2792 360 2859 sibi
387 2792 554 2858 auxilietur
588 2792 735 2875 inploret.
773 2792 844 2869 iste,
879 2794 1018 2874 inquam,
1053 2790 1226 2856 uersiculus
1260 2790 1419 2871 unicuique

297 2897 442 2961 nostrum
472 2896 506 2960 in
536 2897 678 2977 qualibet
704 2896 857 2979 qualitate
891 2896 1018 2977 degenti
1052 2894 1248 2961 necessarius
1275 2900 1308 2958 et
1335 2892 1417 2959 utilis

294 2998 464 3064 inuenitur.
503 3016 575 3063 nam
603 3000 657 3081 qui
685 3018 719 3064 se
746 3018 869 3082 semper
902 3005 995 3081 atque
1025 3001 1058 3064 in
1087 2997 1231 3063 omnibus
1265 2998 1415 3062 desiderat

294 3104 448 3179 adiuuari,
483 3102 662 3168 manitbstat
695 3104 776 3185 quod
811 3122 873 3167 non
910 3107 1033 3169 tantum
1069 3104 1104 3168 in
1136 3108 1227 3169 rebus
1265 3104 1350 3167 duris
1380 3116 1442 3164 acas

294 3206 449 3285 tristibus,
471 3208 524 3273 sed
548 3210 641 3272 etiam
665 3209 697 3271 in
720 3208 863 3273 secundis
887 3225 924 3271 ao
948 3208 1038 3273 laetis
1062 3210 1128 3289 pari
1152 3206 1241 3273 modo
1256 3206 1314 3273 deo
1329 3206 1416 3290 egeat

295 3313 446 3393 adiutore,
480 3316 518 3377 ut
550 3312 813 3395 quemadmodum
844 3331 879 3377 ex
912 3311 976 3376 illis
1007 3313 1084 3394 erui,
1113 3314 1158 3377 itu
1186 3311 1220 3377 in
1249 3310 1324 3376 istis
1350 3326 1417 3374 eum

296 3415 393 3481 iaciat
421 3416 580 3494 inmorari,
610 3416 642 3480 in
666 3422 776 3481 neutro
798 3417 899 3481 sciens
929 3416 1097 3481 humanam
1125 3416 1335 3496 fragilitatem
1355 3414 1418 3479 sins

265 3518 383 3584 billius
419 3519 627 3600 opitulatione
667 3520 846 3585 subsistere.
898 3519 1136 3602 gastrimargiae
1173 3519 1321 3602 paesium
1354 3536 1420 3600 per·

350 3758 363 3809 1
381 3756 468 3826 adque
489 3755 539 3812 V0
641 3758 790 3827 uniuersos]
809 3775 900 3813 ornnes
920 3758 942 3815 Ο
1040 3761 1160 3813 inem-sos
1177 3758 1220 3813 D¹
1320 3756 1420 3828 proprie

296 3842 374 3910 satis]
395 3842 568 3911 proprietatis
590 3843 616 3898 V
708 3846 725 3896 2
743 3845 855 3898 abtatur
875 3845 898 3901 0
989 3846 1006 3899 5
1024 3845 1148 3899 fidutiam
1171 3844 1224 3899 VD
1318 3845 1420 3913 (iprae-

295 3928 432 3983 ssntcsV
534 3930 568 3983 10
591 3931 753 4000 prospiciens
775 3930 835 3985 DX
940 3934 970 3985 ll
996 3931 1190 3986 uirsiculusV
1294 3933 1327 3989 13
1344 3930 1420 3985 lorias

295 4014 392 4070 D²0x
478 4015 621 4085 clipeusO
648 4017 767 4087 clippeus
785 4016 815 4071 X
912 4020 944 4072 14
962 4019 1115 4073 conlocatus
1137 4017 1216 4073 VDO
1310 4017 1421 4083 tristitiq

296 4101 319 4158 0
414 4102 448 4157 15
459 4102 635 4171 depressusO
719 4102 886 4173 dispeuDP
979 4105 1010 4159 17
1024 4104 1108 4176 adque
1126 4103 1173 4161 VO
1265 4101 1420 4159 doratensri

293 4186 334 4241 13¹
419 4192 509 4256 posset
524 4187 559 4242 V¹
645 4189 680 4243 24
698 4206 726 4243 ss
743 4206 795 4244 om.
815 4189 870 4246 ΟΧ
955 4190 1084 4260 adqueV
1167 4191 1201 4246 26
1219 4190 1357 4247 securisO

293 4272 382 4343 lastis]
400 4272 474 4413 lgm
495 4274 525 4329 D
627 4274 661 4330 27
685 4276 808 4331 adiutore
831 4276 861 4330 D
964 4278 999 4333 28
1021 4278 1179 4348 tragelitats
1200 4276 1227 4332 V
1328 4278 1360 4332 29
1378 4290 1420 4329 cs·

294 4359 381 4412 strim.
432 4364 441 4390 ¹
1049 4401 1053 4409 .
