3092 4967
490 415 648 472 Conlatio
672 417 737 483 XII,
757 418 867 475 lli-16.
1178 416 1243 485 359

117 624 241 673 necesse
261 609 309 671 est
330 608 367 671 nt
388 624 521 689 superno
541 607 597 671 illo
619 607 772 691 praesidio
798 606 1135 691 paululumdeundati
1158 614 1242 673 tam·

115 710 167 773 din
191 708 260 775 illis
282 728 359 791 ques
374 710 482 777 diuina
497 712 599 777 nirtns
614 712 788 778 extinxerat
803 710 1001 793 passionibus
1016 712 1241 793 opprimantur,

116 812 267 895 quamdin
311 813 499 897 experientia
534 815 664 881 docente
702 820 886 901 cognoscant
922 834 955 881 se
990 811 1112 879 uiribus
1149 815 1243 897 atque
1373 882 1378 891 ,

115 916 273 980 industria
308 935 363 982 sua
398 918 544 999 puritatis
576 917 693 985 bonnm
730 919 872 984 obtinere
906 936 969 983 non
1002 936 1102 1000 posse.
1141 923 1174 982 et
1207 914 1273 983 utu

97 1018 361 1101 rdisputationem
396 1025 537 1087 nostram
569 1022 608 1088 de
636 1023 697 1088 fine
730 1023 929 1104 plenissimae
961 1022 1120 1089 eastitatis
1149 1021 1245 1106 longa

116 1126 335 1190 lucubratione
358 1125 530 1191 confectam
554 1125 692 1192 breuiter
721 1125 944 1193 concludemus
966 1126 1118 1191 inunum
1139 1124 1244 1190 omnia

115 1246 194 1309 quae
230 1229 351 1310 copiose
384 1231 577 1313 sparsimque
612 1230 733 1315 digesta
766 1235 840 1295 sunt
869 1229 1062 1313 colligentes,
1094 1228 1169 1292 haec
1195 1226 1245 1293 est

117 1331 345 1397 consummatio
376 1331 542 1414 castitatis,
573 1335 609 1397 nt
639 1334 827 1419 uigilantem
859 1332 1046 1399 monachum
1075 1328 1243 1395 oblectatio

116 1432 258 1499 libidinis
287 1434 377 1501 nulla
408 1436 609 1521 perstringat,
643 1437 680 1501 ut
708 1437 920 1519 quiescentem
953 1435 1149 1501 somniorum
1181 1450 1243 1498 nen

89 1536 207 1602 rolallat
237 1536 364 1616 inlusio,
393 1538 447 1603 sod
477 1557 548 1604 enm
573 1540 741 1606 dormienti
764 1542 889 1605 tantum
911 1557 966 1621 per
988 1539 1109 1622 sopitae
1129 1536 1244 1601 mentis

116 1640 271 1706 incuriam
294 1642 447 1707 conmotio
470 1645 570 1708 carnis
592 1642 776 1726 obrepserit,
806 1643 1067 1726 quemadmodum
1089 1642 1154 1705 eine
1177 1638 1245 1703 nlla

118 1742 302 1808 titillatione
332 1744 504 1825 uoluptatis
535 1745 634 1811 excita
664 1748 721 1825 est,
752 1748 799 1811 ita
824 1747 920 1811 etiam
943 1744 1010 1810 sine
1032 1744 1098 1810 ullo
1119 1742 1243 1827 pruritu

117 1847 255 1929 corporis
278 1846 483 1928 conquiescat.
522 1848 599 1913 haec
621 1851 658 1914 dc
681 1848 838 1914 castitatis
865 1848 938 1925 fine,
964 1849 1118 1931 quantum
1140 1846 1274 1927 potui-3

118 1970 197 2025 mns,
237 1968 298 2016 non
332 1950 447 2026 uerbis,
483 1955 537 2018 sed
575 1952 764 2035 experientia
800 1952 1007 2035 magistrante
1044 1950 1242 2034 digessimus.

91 2072 198 2137 oquae
232 2053 305 2119 licet
324 2072 344 2118 a
365 2052 524 2121 desidiosis
554 2073 589 2121 ao
617 2056 855 2139 neglegentibus
887 2057 1020 2121 arbitror
1048 2052 1245 2138 inpossibilia

120 2158 251 2223 forsitan
273 2156 445 2234 indicenda,
470 2158 569 2223 certus
592 2162 697 2224 tamen
712 2178 783 2224 sum
798 2178 817 2226 a
832 2158 983 2225 studiosis
997 2176 1033 2224 ac
1049 2156 1245 2241 spiritalibus

119 2262 194 2325 uiris
225 2260 421 2343 agnoscenda
450 2264 568 2344 pariter
589 2281 625 2327 ac
647 2262 817 2345 probanda.
854 2266 979 2328 tantum
1006 2279 1141 2342 namque
1162 2260 1245 2324 inter

119 2364 279 2429 hominem
301 2363 398 2429 distat
421 2366 453 2429 et
474 2364 642 2441 hominem,
673 2370 827 2449 quantum
850 2369 883 2430 et
904 2364 963 2430 illa
984 2365 1023 2430 ad
1046 2380 1125 2445 quae
1147 2359 1245 2427 animi

121 2486 224 2533 eornm
264 2467 364 2533 tendit
396 2467 529 2532 intentio
562 2467 601 2532 ab
636 2467 774 2534 inuicem
805 2467 1013 2550 disparantur,
1049 2467 1078 2531 id
1114 2464 1162 2528 est
1195 2462 1246 2527 nel

92 2570 241 2636 aceolum
266 2568 305 2634 ab
328 2570 449 2635 inferno
472 2571 523 2635 uel
545 2569 689 2637 Christus
706 2590 724 2637 a
739 2570 856 2647 Beliar,
871 2570 1041 2635 secundum
1058 2566 1245 2632 sententiam

122 2673 238 2738 domini
269 2674 448 2739 saluatoris:
479 2673 513 2738 si
535 2675 626 2757 quis
648 2675 746 2741 mihi
775 2674 1004 2755 ministrat,
1031 2690 1087 2736 me
1109 2687 1246 2753 sequa·

122 2783 200 2852 tur,
233 2780 272 2840 et
303 2775 370 2841 ubi
400 2794 485 2841 snm
515 2795 598 2861 ego,
626 2778 714 2843 illic
743 2783 781 2844 et
810 2777 997 2843 minister
1022 2792 1126 2839 meus
1150 2775 1247 2856 erit,

122 2882 153 2942 et
181 2878 309 2944 iterum:
340 2879 403 2943 ubi
435 2882 496 2945 est
526 2879 743 2946 thesaurus
777 2883 888 2961 tuus,
923 2880 979 2945 ibi
1008 2878 1087 2943 erit
1117 2875 1156 2941 et
1182 2894 1247 2941 oor

124 2992 238 3046 tunm.

92 3130 116 3169 es
163 3101 234 3165 Huc
273 3120 370 3183 usqne
414 3104 522 3168 beatus
567 3102 756 3170 Chaeremon
795 3104 834 3169 de
870 3101 1027 3167 castitatis
1060 3098 1278 3183 perfectione4

124 3202 271 3269 disseruit
304 3204 581 3287 admirabilemque
614 3207 787 3272 doctrinam
820 3203 1065 3271 sublimissimae
1097 3199 1247 3285 puritatis

125 3306 180 3372 tali
202 3326 345 3373 sermone
369 3309 533 3391 conclusit,
557 3313 690 3375 suadens
706 3310 904 3393 stupentibus
920 3312 1015 3389 atque
1029 3305 1131 3371 anxiis
1146 3302 1246 3383 nobis,

124 3413 170 3493 ut,
204 3412 277 3493 qnia
314 3413 376 3477 inm
417 3415 517 3478 noctis
551 3432 624 3495 pars
660 3414 758 3479 maior
794 3412 965 3494 effluxerat,
999 3408 1116 3475 tradita
1148 3405 1248 3490 quieti

223 3632 254 3687 21
275 3632 333 3688 lon.
353 3634 395 3699 12,
414 3634 447 3688 26
550 3634 585 3689 23
601 3636 653 3691 Mt.
672 3636 696 3702 6,
715 3635 747 3689 21

178 3837 192 3887 1
209 3838 384 3905 paulolnml'
466 3840 483 3893 2
501 3840 577 3895 illiue
594 3842 634 3893 11ι
720 3840 856 3895 lbonnm
873 3854 924 3895 om.
942 3840 972 3891 il
1055 3840 1110 3907 opt
1129 3836 1185 3889 ΣΥ

126 3920 143 3973 6
168 3918 350 3979 lucrnbatione
377 3926 405 3977 Σ
513 3926 528 3980 l
555 3926 663 3995 cupiere
689 3932 716 3981 ot
742 3926 853 3993 degesta
881 3924 920 3977 11ι
1023 3924 1041 3978 8
1068 3921 1249 3977 oblectatione

127 4004 155 4055 Σ
252 4010 284 4063 11
311 4010 455 4079 inrepserit
479 4013 505 4063 Τ
605 4012 638 4066 12
665 4013 782 4066 excitata
803 4010 918 4065 HYOo:
942 4009 979 4075 os.
996 4008 1081 4075 XXI,
1098 4010 1182 4075 ΒΜ

126 4089 183 4143 ullo
207 4108 254 4147 oua
280 4096 311 4147 Π
412 4096 518 4165 proritn
545 4097 585 4148 11¹
697 4097 729 4151 14
756 4096 920 4166 degessimns
943 4096 985 4147 Πι
1087 4094 1122 4148 15
1149 4095 1250 4162 necleg.

127 4173 183 4227 ΣΟ
279 4180 312 4233 16
329 4179 363 4234 ab
383 4180 408 4233 0
510 4182 544 4235 18
562 4181 648 4237 dietat
666 4186 693 4237 et
712 4184 848 4236 hominem
866 4198 916 4237 om.
934 4181 964 4233 Π
1065 4180 1100 4233 20
1117 4178 1203 4233 beliar
1221 4180 1249 4230 Σ

128 4264 162 4325 et,
178 4266 208 4315 at
223 4263 289 4329 uid,
309 4265 363 4320 11¹:
393 4264 475 4321 belial
493 4264 608 4324 H’l'Oo
702 4266 737 4322 26
754 4267 888 4323 dosaeruit
904 4268 943 4319 11Ι
1036 4266 1141 4321 ammir.
1160 4268 1185 4317 Y

128 4346 164 4399 28
181 4348 267 4413 quieta
284 4350 322 4401 ΠΙ
