3092 4967
314 441 377 506 646
703 437 867 492 Iohannis
884 437 1044 492 Cassiani

316 649 405 714 posse
435 630 638 714 pronuntians
668 631 758 712 qnia
780 648 852 695 non
874 631 951 708 est,
973 627 1085 712 inquit,
1111 631 1245 695 iustus
1268 629 1379 695 homo
1400 629 1436 694 in

285 737 439 812 3torra‚
463 735 530 816 qni
552 733 676 799 faciat
699 732 856 812 bonum,
879 737 916 796 et
937 749 1014 798 non
1034 733 1228 814 peccabit.
1266 732 1337 814 quis
1358 734 1435 798 onim

316 855 464 920 umquam
480 837 624 918 quamuis
639 837 825 918 praecipuus
839 836 979 901 omnium
990 835 1147 902 iustorum
1157 839 1252 918 atquo
1262 839 1437 902 sanctornm

316 939 408 1006 huius
442 941 577 1023 eorporis
607 939 742 1006 uinculis
768 939 947 1023 conligatus
976 956 1136 1006 summum
1165 940 1225 1006 hoc
1253 940 1374 1006 bonnm
1393 941 1438 1006 ita

314 1045 469 1126 possidere
498 1041 636 1125 potuisse
669 1043 840 1110 credendus
862 1047 920 1122 est,
948 1048 984 1108 nt
1006 1059 1177 1126 numquam
1199 1063 1219 1108 a
1240 1043 1350 1108 diuina
1368 1062 1468 1109 con-s

314 1145 535 1229 temptatione
551 1145 710 1212 discedens
743 1163 782 1210 ne
812 1163 909 1227 paruo
940 1143 1066 1228 quidem
1096 1147 1237 1229 tempore
1270 1145 1311 1212 ab
1335 1165 1371 1212 eo
1386 1146 1438 1228 qni

315 1251 400 1315 solue
422 1249 522 1314 bonne
544 1253 592 1314 est
613 1247 745 1314 terrenis
761 1248 1004 1331 cogitationibus
1019 1251 1148 1332 potetur
1161 1250 1367 1316 abstractus?
1387 1251 1439 1333 qni

315 1371 464 1438 umquam
486 1351 608 1418 nullam
630 1352 703 1435 cibi,
733 1353 853 1418 nullam
877 1353 1052 1418 indumenti
1074 1353 1246 1419 aliornmue
1267 1354 1438 1419 carnalium

315 1475 418 1522 rernm
449 1455 580 1540 gesserit
609 1473 724 1532 curam,
755 1452 926 1539 numquam
954 1457 992 1523 do
1017 1455 1152 1522 fratrum
1173 1455 1379 1539 susceptione,
1401 1456 1438 1520 do

314 1560 376 1626 loci
399 1559 638 1638 conmutatione,
661 1558 699 1624 do
721 1559 854 1624 cellolae
882 1559 1076 1626 extructione
1097 1557 1249 1625 sollicitus
1271 1567 1332 1626 ant
1352 1578 1467 1643 opemo

315 1663 452 1746 aliquam
474 1663 602 1728 humani
625 1661 818 1747 concupierit
838 1663 1014 1729 adiumenti
1044 1666 1099 1727 aut
1127 1663 1249 1747 inopiae
1270 1662 1438 1729 sterilitate

315 1768 443 1831 uexatus
475 1766 563 1832 illam
591 1766 779 1832 sententiam
809 1765 983 1832 dominicae
1011 1765 1230 1849 increpationis
1259 1767 1437 1832 incurrerit:

315 1887 361 1933 ne
383 1869 560 1935 solliciti
580 1870 673 1936 sitis
696 1870 853 1937 animae
876 1872 1036 1935 uestrae
1057 1869 1150 1952 qnid
1171 1871 1437 1947 manducetis,

285 1977 437 2054 4neque
459 1977 614 2056 corpori
636 1973 896 2056 uestroquid
924 1973 1165 2041 induamini?
1194 1974 1330 2056 donique
1352 1973 1437 2040 illum

315 2078 418 2158 ipsum
450 2077 624 2158 apostolum
658 2077 803 2155 Paulum,
837 2078 891 2161 qni
920 2077 1062 2142 omnium
1091 2080 1272 2142 amotarum
1300 2075 1465 2146 laboremne

316 2179 494 2263 passionum
517 2180 741 2246 numerositate
763 2179 1003 2257 transcenderat,
1028 2197 1225 2262 neququam
1246 2179 1307 2246 hoc
1321 2181 1436 2262 inploro

315 2282 452 2365 potuisse
478 2281 665 2349 confidenter
697 2283 899 2372 adstruimus,
926 2282 994 2367 ipso
1015 2285 1049 2348 in
1071 2281 1205 2348 Actibus
1226 2283 1436 2364 apostolorum
1525 2350 1526 2369 p

315 2387 472 2468 discipulis
500 2387 692 2452 adtestante:
726 2386 805 2470 ipsi
833 2385 952 2452 scitis
980 2387 1163 2468 qnoniam
1193 2386 1240 2451 ad
1268 2404 1314 2452 ea
1342 2403 1436 2470 quae
1525 2378 1526 2449 l

314 2488 411 2554 milri
439 2505 534 2572 opus
557 2493 672 2555 erant
700 2491 738 2554 ot
764 2490 829 2556 his
858 2489 925 2572 qui
954 2507 1102 2555 mecum
1123 2494 1214 2554 eunt
1235 2490 1435 2557 ministra·

315 2595 460 2659 uerunt
480 2611 616 2660 manne
639 2593 756 2676 istae,
780 2594 833 2658 uel
853 2613 926 2658 cum
955 2592 1280 2660 Thessalonicensibus
1302 2593 1464 2659 scribones

314 2696 353 2760 in
383 2695 520 2763 labore
548 2698 587 2762 et
614 2697 863 2781 fatigatione
891 2699 1007 2763 nocto
1027 2699 1068 2762 et
1095 2697 1158 2763 die
1178 2701 1384 2779 operatum
1403 2716 1433 2761 ae

314 2797 411 2864 fumeo
435 2801 579 2866 testatur.
617 2801 729 2883 quibus
744 2799 820 2866 licet
835 2818 950 2884 magna
967 2801 1069 2866 eidem
1084 2799 1268 2864 meritorum
1283 2797 1436 2884 stipendia

313 2909 505 2987 pararentur,
537 2907 643 2970 mmcn
670 2922 757 2969 mene
784 2903 852 2970 eins
879 2905 1024 2988 quamuis
1045 2905 1156 2970 sancta
1176 2907 1271 2986 atquc
1292 2901 1433 2969 sublimis

313 3023 375 3072 non
409 3007 530 3089 poterat
561 3024 621 3072 non
651 3005 690 3071 ab
718 3006 777 3072 illa
808 3007 934 3072 caelesti
965 3008 1086 3074 theoria
1117 3006 1290 3073 intentione
1324 3004 1433 3070 terrani
1523 3070 1524 3083 ἶ

284 3111 414 3192 duperia
444 3109 611 3193 aliqnando
641 3109 761 3175 diuelli.
799 3111 931 3193 denique
961 3128 1032 3175 cnm
1062 3129 1095 3175 so
1127 3110 1227 3176 tantia
1259 3106 1461 3176 actualitatis
1523 3120 1524 3147 1

314 3213 408 3278 ditari
430 3212 585 3280 finctibrm
608 3215 747 3278 cerneret
770 3214 804 3277 et
825 3214 1022 3279 econtrario
1048 3213 1186 3280 theoriae
1206 3211 1328 3278 bonnm
1348 3211 1432 3278 cordo

313 3317 458 3398 pensaret
479 3333 515 3381 ac
536 3316 626 3384 uelut
647 3315 681 3380 in
702 3333 766 3381 una
787 3316 875 3382 ianm
899 3318 1062 3383 tantorum
1089 3316 1232 3383 laborum
1251 3315 1431 3398 profectum.

417 3555 431 3608 1
449 3553 548 3610 Ecclcs.
567 3555 590 3620 l,
608 3555 641 3610 al
661 3553 757 3622 (LXX)
855 3555 887 3610 13
904 3553 954 3608 Mt
971 3555 997 3621 6,
1015 3555 1048 3609 25
1146 3553 1178 3609 18
1194 3555 1255 3608 ner.
1273 3553 1316 3616 w,
1334 3553 1370 3607 34

311 3639 343 3694 21
363 3639 393 3694 II
410 3641 500 3694 Thess.
518 3641 543 3706 3,
561 3641 579 3695 8

362 3862 375 3915 1
395 3860 554 3930 pronuntiat
570 3861 641 3916 m
721 3859 818 3932 inquid
835 3859 931 3917 BFO:
955 3861 1041 3932 osa-d
1126 3861 1206 3916 lromo
1221 3861 1310 3915 iustae
1326 3860 1366 3931 dc

310 3945 469 4016 2peccabit
492 3947 528 4003 0:
556 3948 680 4017 peccauit
697 3948 759 4018 ΒΨ
787 3951 880 4018 peccat
896 3947 936 4002 F*
964 3951 1055 4019 peccet
1070 3949 1099 4003 Β
1200 3947 1365 4018 tamqnam
1380 3959 1427 3998 ooo.

310 4030 367 4087 BF
383 4034 452 4102 (coo
471 4031 503 4099 0)
606 4035 624 4089 8
648 4049 775 4102 umquam
797 4033 902 4088 nullm
922 4035 1037 4103 (unllam
1058 4047 1185 4104 umquam
1203 4033 1238 4100 O)
1261 4032 1315 4087 cibi
1331 4031 1428 4086 nnllam
1520 4022 1521 4083 l

310 4117 403 4174 BFO:
430 4129 575 4187 numquam
588 4119 670 4174 ullam
685 4119 836 4174 cibiullam
852 4121 893 4191 βο
983 4121 1017 4175 10
1034 4120 1183 4176 amotione
1199 4118 1240 4191 βυ
1335 4119 1366 4172 11
1382 4115 1427 4170 lm·
1520 4116 1521 4195 p

308 4219 416 4260 mmm
434 4205 462 4260 Β
552 4205 645 4273 inopia
662 4206 690 4261 Β
784 4205 934 4261 sterelitate
952 4205 1111 4264 mmm
1206 4204 1368 4275 sequeno

309 4289 399 4358 ipsum
415 4289 494 4346 illnm
511 4291 552 4360 do
640 4291 673 4346 l'l
690 4291 759 4346 actis
778 4291 816 4347 13¹
901 4293 937 4348 20
953 4293 1091 4348 toealonic.
1108 4292 1138 4348 Β
1164 4291 1322 4347 thmlonic
1339 4291 1370 4346 F

309 4375 343 4429 21
367 4391 398 4430 ao
415 4374 459 4430 die
482 4375 542 4432 BF
640 4377 676 4432 25
692 4394 722 4432 ac
739 4377 842 4433 talibus
860 4377 963 4435 Broc
