3092 4967
286 465 355 556 446·
675 465 842 520 lobannis
864 463 1022 520 Cassiani

287 653 379 720 nidus
408 674 445 719 ao
472 655 630 740 malignus
654 654 825 720 interserit.
862 673 938 720 uera
960 654 1008 719 est
1029 672 1163 736 namque
1186 651 1411 737 sapientissimi

287 757 461 824 Salomonis
504 759 561 825 illa
597 760 765 824 sententia:
803 758 932 824 odium
969 757 1146 823 suscitat
1181 757 1410 835 eontentio,

286 861 490 928 uniuersos
544 882 637 929 uero
688 862 754 944 qui
808 877 881 925 non
930 860 1172 927 contendunt
1226 861 1412 946 proteget

286 965 478 1030 amicitia.

328 1067 435 1134 VIIII.
463 1069 659 1151 Quapropter
686 1069 726 1133 ad
754 1067 997 1133 conseruandam
1026 1069 1208 1150 perpetuam
1237 1071 1271 1132 et
1294 1066 1441 1132 indici-s

285 1172 379 1237 duam
417 1172 579 1238 caribtem
615 1171 696 1236 nihil
731 1171 859 1253 prodest
895 1169 1029 1252 primam
1065 1187 1191 1236 caueam
1230 1171 1412 1253 amputame

284 1275 418 1356 dbcidii,
447 1292 526 1357 quae
555 1274 642 1340 nasci
663 1274 742 1339 solet
771 1275 809 1339 de
831 1272 924 1338 rebus
947 1271 1072 1338 caducis
1094 1275 1188 1355 atque
1207 1275 1357 1354 terrenis,
1378 1275 1411 1338 et

284 1376 431 1442 uniuersa
453 1378 625 1460 despexisse
648 1377 785 1443 carnalia
806 1376 900 1457 alque
922 1376 1062 1442 omnium
1085 1375 1197 1458 quibus
1210 1375 1322 1440 noster
1338 1393 1410 1441 usus

283 1482 406 1566 indiget
427 1501 532 1547 rerum
552 1481 754 1547 indiscretam
783 1482 1018 1547 comunionem
1046 1479 1195 1546 fratribus
1220 1479 1410 1563 permisisse,

283 1585 345 1650 nisi
376 1587 472 1650 etiam
499 1585 676 1666 secundnm,
709 1603 788 1667 quae
816 1584 873 1650 snb
901 1583 1001 1669 specie
1035 1583 1226 1667 spiritalium
1258 1601 1439 1651 sensusne

284 1690 370 1754 nasci
397 1689 488 1768 solet,
522 1687 671 1753 similiter
703 1687 897 1754 abscidentes
932 1687 1173 1770 adquisierimus
1201 1686 1235 1752 in
1263 1685 1410 1752 omnibns

282 1790 434 1856 humilem
455 1809 581 1856 sensum
602 1796 634 1856 et
656 1808 806 1856 consonas
828 1791 1014 1856 uoluntates.

324 1895 363 1959 X.
394 1895 525 1960 Memini
557 1911 700 1976 namque,
738 1911 810 1959 curn
847 1913 897 1958 me
934 1893 1036 1959 adhue
1069 1892 1236 1959 adhaerere
1269 1891 1409 1958 consorti

282 1999 369 2062 aetas
399 1997 502 2060 iunior
531 1996 718 2075 hortaretur,
748 1995 927 2062 huiusmodi
958 1994 1050 2060 nobis
1080 1995 1338 2079 intellegentiam
1359 1995 1408 2059 uel

282 2101 314 2165 in
346 2099 516 2164 moralibus
549 2099 722 2183 disciplinis
754 2099 806 2165 uel
839 2099 873 2164 in
905 2099 1067 2184 scriptume
1101 2099 1197 2164 sacris
1230 2099 1439 2182 frequentetis

282 2201 445 2280 insertam,
467 2205 504 2267 ut
525 2201 603 2268 nihil
625 2221 662 2269 ea
682 2202 790 2274 uerius
811 2202 951 2285 nihilque
967 2201 1184 2268 rationabilius
1199 2201 1407 2268 crederemus.

282 2306 336 2372 sed
369 2325 439 2372 cum
473 2307 506 2371 in
538 2325 638 2371 unum
669 2308 885 2372 conuenientes
914 2304 1086 2372 sententies
1116 2310 1238 2372 nostras
1268 2323 1408 2388 promere

282 2411 502 2492 coepissemus,
525 2411 676 2492 quaedam
699 2409 847 2474 conmuni
870 2409 1097 2475 examinatione
1114 2410 1254 2474 discussa
1269 2409 1408 2492 primum

282 2513 320 2578 ab
344 2515 441 2580 altero
464 2515 543 2580 falsa
564 2533 600 2581 ac
622 2515 714 2581 noxia
735 2513 937 2594 notabantur,
960 2532 1032 2580 mox
1054 2515 1166 2580 deinde
1181 2520 1217 2579 ut
1232 2513 1408 2596 perniciosa

282 2618 429 2685 conmuni
458 2617 661 2701 pronuntiata
689 2617 805 2684 indicio
835 2617 1080 2684 damnabantur:
1111 2635 1191 2699 quae
1220 2616 1253 2681 in
1280 2620 1436 2684 tantuma

280 2720 367 2803 prius
391 2722 494 2786 infusa
514 2739 534 2786 a
555 2722 677 2786 diabolo
692 2723 781 2786 uelut
797 2721 865 2785 luce
880 2719 1054 2804 fulgebant,
1070 2724 1106 2784 nt
1121 2719 1215 2784 facile
1229 2718 1407 2802 potuissent

281 2843 429 2907 generare
452 2823 646 2908 discordiam,
668 2823 730 2889 nisi
751 2825 951 2907 praeceptum
974 2824 1130 2888 seniorum
1145 2823 1247 2888 ueluti
1261 2822 1406 2890 diuinum

282 2930 434 3008 quoddam
458 2927 616 2992 oraculum
640 2927 831 2991 custoditum
853 2928 893 2991 ab
915 2927 1000 2991 omui
1022 2944 1079 2991 nos
1101 2925 1301 2992 contentione
1317 2943 1406 2992 reno·

282 3034 392 3107 cassat,
416 3049 476 3114 quo
497 3029 538 3096 ab
560 3031 627 3096 illis
648 3030 743 3114 legali
765 3033 900 3114 quadam
922 3029 1082 3096 sanctione
1105 3030 1334 3112 praescriptum
1349 3030 1404 3106 est,

282 3134 318 3198 ut
347 3142 457 3200 neuter
486 3137 628 3200 nostrum
653 3134 723 3216 plus
746 3133 861 3200 iudicio
884 3152 939 3200 suo
961 3153 1055 3216 quam
1077 3133 1184 3200 fratris
1205 3132 1355 3212 crederet,
1377 3129 1434 3195 sis

281 3255 450 3318 numquam
472 3236 570 3302 uellet
591 3233 707 3302 diaboli
730 3235 904 3302 calliditate
926 3235 1041 3300 deludi.

324 3337 379 3402 Xl.
404 3340 529 3404 Etenim
558 3357 648 3422 saepe
678 3339 757 3404 illud
780 3340 861 3422 quod
884 3338 1044 3419 apostolus
1066 3335 1144 3402 dicit
1164 3335 1334 3419 probatum
1357 3335 1404 3398 est

282 3443 421 3507 euenire:
444 3444 529 3524 ipse
551 3443 652 3506 enim
675 3440 845 3507 Satanas
872 3440 1204 3525 transfiguratos
1227 3441 1267 3506 in
1288 3455 1402 3521 ange·

382 3625 496 3681 arros.
515 3626 555 3690 ιο,
575 3625 607 3679 12
625 3625 719 3694 (unx)
823 3626 857 3680 ae
874 3625 905 3680 11
923 3625 982 3680 cor.
1003 3627 1045 3694 11,
1064 3627 1098 3680 ιι

332 3796 512 3850 testamenie
529 3797 592 3850 ΣΠ
675 3795 823 3865 3protegit
835 3793 989 3861 (καλύπτει)
1001 3797 1031 3847 Π
1035 3811 1050 3849 c
1135 3794 1292 3863 6prodeest
1308 3793 1335 3847 0

280 3883 390 3952 putasse
414 3883 443 3933 Σ
543 3880 736 3952 9promisisse
758 3883 787 3933 Σ
815 3882 980 3950 permississe
1002 3881 1032 3934 Π
1140 3879 1173 3934 11
1193 3877 1401 3950 adquesieaimns

280 3967 311 4020 Π
407 3969 439 4020 1⁴2
456 3983 582 4022 sensuum
600 3970 629 4023 et
645 3983 794 4022 consonans
810 3968 841 4019 Π
944 3966 976 4020 13
993 3966 1127 4022 consortia
1143 3966 1182 4018 Π1
1212 3963 1345 4020 consortio
1361 3961 1402 4016 Π*

280 4054 306 4106 Y
331 4053 457 4106 consortii
476 4053 502 4106 0
599 4055 632 4110 15
649 4053 750 4108 sanctis
768 4053 794 4105 0
892 4053 924 4107 17
942 4051 1147 4121 promererell¹
1254 4051 1285 4105 19
1300 4047 1399 4117 pernit-

280 4140 339 4192 ΠΤ
421 4139 453 4192 al
467 4138 574 4193 diabulo
587 4137 626 4189 ΠΙ
711 4138 927 4194 22uelnt110o
952 4137 1070 4192 ueludl'
1151 4136 1268 4206 24qnod
1279 4135 1332 4188 ΤΟ

281 4227 453 4294 perscriptum
472 4225 532 4278 ΠΟ
620 4225 842 4282 mateteriam
934 4225 967 4278 27
983 4240 1041 4280 noa
1057 4223 1202 4293 ammosa
1219 4224 1247 4274 P
1321 4220 1356 4274 ise
1371 4219 1401 4272 Σ

281 4313 365 4366 sebo
382 4315 481 4364 etenim
499 4327 576 4380 saepe
592 4311 658 4366 illut
675 4313 746 4381 qnod
763 4311 899 4382 apostolus
916 4311 983 4367 dicit
999 4311 1041 4366 bie
1057 4310 1161 4379 seipsa
1172 4314 1253 4365 aas:
1270 4303 1399 4364 istm&

282 4411 374 4451 coram
391 4413 491 4452 recuro
509 4402 561 4466 eet;
583 4396 700 4463 sonares
716 4396 774 4463 fait
790 4396 830 4453 XI
