<?xml version="1.0" encoding="UTF-8"?>
<!DOCTYPE html PUBLIC "-//W3C//DTD XHTML 1.0 Transitional//EN"
    "http://www.w3.org/TR/xhtml1/DTD/xhtml1-transitional.dtd">
<html xmlns="http://www.w3.org/1999/xhtml" xml:lang="en" lang="en">
 <head>
  <title>
</title>
<meta http-equiv="Content-Type" content="text/html;charset=utf-8" />
  <meta name='ocr-system' content='tesseract 3.04.00' />
  <meta name='ocr-capabilities' content='ocr_page ocr_carea ocr_par ocr_line ocrx_word'/>
</head>
<body>
  <div class='ocr_page' id='page_1' title='image "./iohanniscassian00petsgoog_0651.png"; bbox 0 0 3092 4967; ppageno 0'>
   <div class='ocr_carea' id='block_1_1' title="bbox 535 483 1260 551">
    <p class='ocr_par' dir='ltr' id='par_1_1' title="bbox 535 483 1260 551">
     <span class='ocr_line' id='line_1_1' title="bbox 535 483 1260 551; baseline -0.007 -11"><span class='ocrx_word' id='word_1_1' title='bbox 535 485 695 540; x_wconf 78' lang='lat' dir='ltr'><strong>Goulotlo</strong></span> <span class='ocrx_word' id='word_1_2' title='bbox 715 483 820 549; x_wconf 80' lang='lat' dir='ltr'>XXIII,</span> <span class='ocrx_word' id='word_1_3' title='bbox 840 486 862 539; x_wconf 93' lang='lat'><strong>1.</strong></span> <span class='ocrx_word' id='word_1_4' title='bbox 1196 483 1260 551; x_wconf 78' lang='grc'><strong>639</strong></span> 
     </span>
    </p>
   </div>
   <div class='ocr_carea' id='block_1_2' title="bbox 91 673 1283 3443">
    <p class='ocr_par' dir='ltr' id='par_1_2' title="bbox 91 673 1283 3443">
     <span class='ocr_line' id='line_1_2' title="bbox 136 673 1258 764; baseline -0.004 -20"><span class='ocrx_word' id='word_1_5' title='bbox 136 679 308 764; x_wconf 65' lang='lat' dir='ltr'><strong>specuum</strong></span> <span class='ocrx_word' id='word_1_6' title='bbox 339 677 472 742; x_wconf 83' lang='lat' dir='ltr'><strong>Ponlum</strong></span> <span class='ocrx_word' id='word_1_7' title='bbox 503 694 561 742; x_wconf 91' lang='lat' dir='ltr'><strong>uon</strong></span> <span class='ocrx_word' id='word_1_8' title='bbox 592 694 628 740; x_wconf 85' lang='lat' dir='ltr'><strong>er</strong></span> <span class='ocrx_word' id='word_1_9' title='bbox 658 691 724 755; x_wconf 79' lang='lat' dir='ltr'><strong>eun,</strong></span> <span class='ocrx_word' id='word_1_10' title='bbox 755 674 809 739; x_wconf 84' lang='lat' dir='ltr'><strong>sod</strong></span> <span class='ocrx_word' id='word_1_11' title='bbox 839 689 895 755; x_wconf 90' lang='lat' dir='ltr'><strong>pro</strong></span> <span class='ocrx_word' id='word_1_12' title='bbox 924 676 1119 755; x_wconf 79' lang='lat' dir='ltr'><strong>pooootorum</strong></span> <span class='ocrx_word' id='word_1_13' title='bbox 1146 673 1258 739; x_wconf 79' lang='lat' dir='ltr'><strong>dixisse</strong></span> 
     </span>
     <span class='ocr_line' id='line_1_3' title="bbox 136 777 1258 865; baseline -0.004 -17"><span class='ocrx_word' id='word_1_14' title='bbox 136 799 282 865; x_wconf 82' lang='lat' dir='ltr'><strong>persona:</strong></span> <span class='ocrx_word' id='word_1_15' title='bbox 305 799 377 846; x_wconf 91' lang='lat' dir='ltr'><strong>uon</strong></span> <span class='ocrx_word' id='word_1_16' title='bbox 400 779 502 845; x_wconf 86' lang='lat' dir='ltr'><strong>enim</strong></span> <span class='ocrx_word' id='word_1_17' title='bbox 525 781 624 863; x_wconf 86' lang='lat' dir='ltr'><strong>quod</strong></span> <span class='ocrx_word' id='word_1_18' title='bbox 646 777 736 843; x_wconf 90' lang='lat' dir='ltr'><strong>uolo</strong></span> <span class='ocrx_word' id='word_1_19' title='bbox 766 777 870 843; x_wconf 77' lang='lat' dir='ltr'><strong>iccio</strong></span> <span class='ocrx_word' id='word_1_20' title='bbox 892 777 1047 855; x_wconf 85' lang='lat' dir='ltr'><strong>bouum,</strong></span> <span class='ocrx_word' id='word_1_21' title='bbox 1069 778 1138 843; x_wconf 84' lang='lat' dir='ltr'><strong>sed</strong></span> <span class='ocrx_word' id='word_1_22' title='bbox 1160 781 1258 860; x_wconf 87' lang='lat' dir='ltr'><strong>quod</strong></span> 
     </span>
     <span class='ocr_line' id='line_1_4' title="bbox 134 880 1257 964; baseline -0.003 -15"><span class='ocrx_word' id='word_1_23' title='bbox 134 885 199 950; x_wconf 93' lang='lat' dir='ltr'><strong>odi</strong></span> <span class='ocrx_word' id='word_1_24' title='bbox 231 885 390 961; x_wconf 79' lang='lat' dir='ltr'><strong>malum,</strong></span> <span class='ocrx_word' id='word_1_25' title='bbox 421 883 491 948; x_wconf 90' lang='lat' dir='ltr'><strong>hoo</strong></span> <span class='ocrx_word' id='word_1_26' title='bbox 513 899 598 964; x_wconf 79' lang='lat' dir='ltr'><strong>ego.</strong></span> <span class='ocrx_word' id='word_1_27' title='bbox 622 880 674 946; x_wconf 88' lang='lat' dir='ltr'><strong>uel</strong></span> <span class='ocrx_word' id='word_1_28' title='bbox 695 880 793 946; x_wconf 89' lang='lat' dir='ltr'><strong>illud:</strong></span> <span class='ocrx_word' id='word_1_29' title='bbox 818 881 852 946; x_wconf 83' lang='lat' dir='ltr'><strong>ri</strong></span> <span class='ocrx_word' id='word_1_30' title='bbox 875 883 1008 946; x_wconf 83' lang='lat' dir='ltr'><strong>cutem</strong></span> <span class='ocrx_word' id='word_1_31' title='bbox 1029 883 1127 963; x_wconf 86' lang='lat' dir='ltr'><strong>quod</strong></span> <span class='ocrx_word' id='word_1_32' title='bbox 1149 881 1257 960; x_wconf 88' lang='lat' dir='ltr'><strong>nolo,</strong></span> 
     </span>
     <span class='ocr_line' id='line_1_5' title="bbox 133 985 1257 1067; baseline -0.004 -14"><span class='ocrx_word' id='word_1_33' title='bbox 133 989 206 1053; x_wconf 92' lang='lat' dir='ltr'><strong>hoc</strong></span> <span class='ocrx_word' id='word_1_34' title='bbox 228 987 347 1066; x_wconf 82' lang='lat' dir='ltr'><strong>iccio,</strong></span> <span class='ocrx_word' id='word_1_35' title='bbox 370 987 448 1052; x_wconf 82' lang='lat' dir='ltr'><strong>iem</strong></span> <span class='ocrx_word' id='word_1_36' title='bbox 470 1005 542 1051; x_wconf 90' lang='lat' dir='ltr'><strong>non</strong></span> <span class='ocrx_word' id='word_1_37' title='bbox 566 1004 633 1063; x_wconf 76' lang='lat' dir='ltr'><strong>ego</strong></span> <span class='ocrx_word' id='word_1_38' title='bbox 657 1003 793 1067; x_wconf 88' lang='lat' dir='ltr'><strong>operor</strong></span> <span class='ocrx_word' id='word_1_39' title='bbox 815 985 918 1051; x_wconf 91' lang='lat' dir='ltr'><strong>illud</strong></span> <span class='ocrx_word' id='word_1_40' title='bbox 941 986 1006 1050; x_wconf 86' lang='lat' dir='ltr'><strong>eod</strong></span> <span class='ocrx_word' id='word_1_41' title='bbox 1029 985 1129 1066; x_wconf 86' lang='lat' dir='ltr'><strong>quod</strong></span> <span class='ocrx_word' id='word_1_42' title='bbox 1151 985 1257 1051; x_wconf 82' lang='lat' dir='ltr'><strong>hobi·</strong></span> 
     </span>
     <span class='ocr_line' id='line_1_6' title="bbox 111 1089 1257 1173; baseline -0.002 -19"><span class='ocrx_word' id='word_1_43' title='bbox 111 1093 195 1157; x_wconf 73' lang='lat' dir='ltr'><strong>utet</strong></span> <span class='ocrx_word' id='word_1_44' title='bbox 223 1091 263 1156; x_wconf 93' lang='lat' dir='ltr'><strong>in</strong></span> <span class='ocrx_word' id='word_1_45' title='bbox 292 1109 349 1156; x_wconf 88' lang='lat' dir='ltr'><strong>me</strong></span> <span class='ocrx_word' id='word_1_46' title='bbox 377 1095 598 1173; x_wconf 80' lang='lat' dir='ltr'><strong>peccatum,</strong></span> <span class='ocrx_word' id='word_1_47' title='bbox 629 1091 680 1155; x_wconf 87' lang='lat' dir='ltr'><strong>nol</strong></span> <span class='ocrx_word' id='word_1_48' title='bbox 709 1089 791 1172; x_wconf 88' lang='lat' dir='ltr'><strong>quod</strong></span> <span class='ocrx_word' id='word_1_49' title='bbox 821 1089 979 1172; x_wconf 80' lang='lat' dir='ltr'><strong>requitur:</strong></span> <span class='ocrx_word' id='word_1_50' title='bbox 1003 1089 1257 1154; x_wconf 71' lang='lat' dir='ltr'><strong>condelector</strong></span> 
     </span>
     <span class='ocr_line' id='line_1_7' title="bbox 132 1193 1255 1278; baseline -0.004 -18"><span class='ocrx_word' id='word_1_51' title='bbox 132 1196 236 1260; x_wconf 89' lang='lat' dir='ltr'><strong>enim</strong></span> <span class='ocrx_word' id='word_1_52' title='bbox 258 1195 340 1278; x_wconf 80' lang='lat' dir='ltr'><strong>logi</strong></span> <span class='ocrx_word' id='word_1_53' title='bbox 362 1193 422 1258; x_wconf 89' lang='lat' dir='ltr'><strong>dei</strong></span> <span class='ocrx_word' id='word_1_54' title='bbox 444 1194 654 1258; x_wconf 83' lang='lat' dir='ltr'><strong>secundum</strong></span> <span class='ocrx_word' id='word_1_55' title='bbox 674 1194 902 1259; x_wconf 77' lang='lat' dir='ltr'>Interiorem</span> <span class='ocrx_word' id='word_1_56' title='bbox 918 1193 1255 1270; x_wconf 89' lang='lat' dir='ltr'><strong>hominem‚uideo</strong></span> 
     </span>
     <span class='ocr_line' id='line_1_8' title="bbox 132 1296 1255 1381; baseline -0.004 -17"><span class='ocrx_word' id='word_1_57' title='bbox 132 1303 265 1364; x_wconf 81' lang='lat' dir='ltr'><strong>autem</strong></span> <span class='ocrx_word' id='word_1_58' title='bbox 289 1297 408 1362; x_wconf 81' lang='lat' dir='ltr'><strong>aliem</strong></span> <span class='ocrx_word' id='word_1_59' title='bbox 430 1297 556 1381; x_wconf 85' lang='lat' dir='ltr'><strong>legem</strong></span> <span class='ocrx_word' id='word_1_60' title='bbox 579 1297 617 1362; x_wconf 91' lang='lat' dir='ltr'><strong>in</strong></span> <span class='ocrx_word' id='word_1_61' title='bbox 639 1296 825 1363; x_wconf 84' lang='lat' dir='ltr'><strong>membris</strong></span> <span class='ocrx_word' id='word_1_62' title='bbox 851 1296 950 1361; x_wconf 83' lang='lat' dir='ltr'><strong>meio</strong></span> <span class='ocrx_word' id='word_1_63' title='bbox 972 1300 1255 1378; x_wconf 73' lang='lat' dir='ltr'><strong>repugnantem</strong></span> 
     </span>
     <span class='ocr_line' id='line_1_9' title="bbox 132 1398 1254 1486; baseline -0.003 -20"><span class='ocrx_word' id='word_1_64' title='bbox 132 1403 217 1486; x_wconf 84' lang='lat' dir='ltr'><strong>legi</strong></span> <span class='ocrx_word' id='word_1_65' title='bbox 240 1401 384 1465; x_wconf 83' lang='lat' dir='ltr'><strong>mentis</strong></span> <span class='ocrx_word' id='word_1_66' title='bbox 407 1419 511 1466; x_wconf 80' lang='lat' dir='ltr'><strong>mene</strong></span> <span class='ocrx_word' id='word_1_67' title='bbox 532 1403 571 1465; x_wconf 91' lang='lat' dir='ltr'><strong>et</strong></span> <span class='ocrx_word' id='word_1_68' title='bbox 594 1402 798 1482; x_wconf 78' lang='lat' dir='ltr'><strong>captiuum</strong></span> <span class='ocrx_word' id='word_1_69' title='bbox 819 1399 1098 1466; x_wconf 89' lang='lat' dir='ltr'><strong>modnooutem</strong></span> <span class='ocrx_word' id='word_1_70' title='bbox 1117 1398 1254 1481; x_wconf 84' lang='lat' dir='ltr'><strong>inlege</strong></span> 
     </span>
     <span class='ocr_line' id='line_1_10' title="bbox 131 1501 1254 1589; baseline -0.004 -19"><span class='ocrx_word' id='word_1_71' title='bbox 131 1503 290 1589; x_wconf 82' lang='lat' dir='ltr'><strong>peccati</strong></span> <span class='ocrx_word' id='word_1_72' title='bbox 320 1521 415 1586; x_wconf 79' lang='lat' dir='ltr'><strong>qnae</strong></span> <span class='ocrx_word' id='word_1_73' title='bbox 446 1507 506 1569; x_wconf 83' lang='lat' dir='ltr'><strong>ert</strong></span> <span class='ocrx_word' id='word_1_74' title='bbox 534 1504 572 1567; x_wconf 93' lang='lat' dir='ltr'><strong>in</strong></span> <span class='ocrx_word' id='word_1_75' title='bbox 603 1503 791 1568; x_wconf 83' lang='lat' dir='ltr'><strong>membris</strong></span> <span class='ocrx_word' id='word_1_76' title='bbox 822 1504 937 1578; x_wconf 85' lang='lat' dir='ltr'><strong>mole,</strong></span> <span class='ocrx_word' id='word_1_77' title='bbox 967 1501 1167 1568; x_wconf 86' lang='lat' dir='ltr'><strong>econtrorio</strong></span> <span class='ocrx_word' id='word_1_78' title='bbox 1189 1505 1254 1566; x_wconf 62' lang='lat' dir='ltr'><strong>eui⁴</strong></span> 
     </span>
     <span class='ocr_line' id='line_1_11' title="bbox 97 1605 1254 1689; baseline -0.003 -17"><span class='ocrx_word' id='word_1_79' title='bbox 97 1609 244 1672; x_wconf 75' lang='lat' dir='ltr'><strong>redentor</strong></span> <span class='ocrx_word' id='word_1_80' title='bbox 273 1607 441 1673; x_wconf 78' lang='lat' dir='ltr'><strong>ostendunt</strong></span> <span class='ocrx_word' id='word_1_81' title='bbox 470 1608 669 1689; x_wconf 85' lang='lat' dir='ltr'><strong>peccatorum</strong></span> <span class='ocrx_word' id='word_1_82' title='bbox 696 1623 842 1687; x_wconf 80' lang='lat' dir='ltr'><strong>personae</strong></span> <span class='ocrx_word' id='word_1_83' title='bbox 864 1605 940 1670; x_wconf 87' lang='lat' dir='ltr'><strong>heco</strong></span> <span class='ocrx_word' id='word_1_84' title='bbox 963 1623 1024 1670; x_wconf 88' lang='lat' dir='ltr'><strong>non</strong></span> <span class='ocrx_word' id='word_1_85' title='bbox 1045 1622 1135 1687; x_wconf 84' lang='lat' dir='ltr'><strong>poeeo</strong></span> <span class='ocrx_word' id='word_1_86' title='bbox 1157 1605 1254 1670; x_wconf 88' lang='lat' dir='ltr'><strong>omni·</strong></span> 
     </span>
     <span class='ocr_line' id='line_1_12' title="bbox 132 1708 1253 1792; baseline -0.003 -17"><span class='ocrx_word' id='word_1_87' title='bbox 132 1711 233 1776; x_wconf 83' lang='lat' dir='ltr'><strong>modis</strong></span> <span class='ocrx_word' id='word_1_88' title='bbox 264 1708 436 1784; x_wconf 87' lang='lat' dir='ltr'><strong>conuenire,</strong></span> <span class='ocrx_word' id='word_1_89' title='bbox 469 1709 521 1773; x_wconf 87' lang='lat' dir='ltr'><strong>sed</strong></span> <span class='ocrx_word' id='word_1_90' title='bbox 553 1708 591 1774; x_wconf 85' lang='lat' dir='ltr'><strong>od</strong></span> <span class='ocrx_word' id='word_1_91' title='bbox 614 1709 695 1774; x_wconf 81' lang='lat' dir='ltr'><strong>solos</strong></span> <span class='ocrx_word' id='word_1_92' title='bbox 719 1727 797 1792; x_wconf 77' lang='lat' dir='ltr'><strong>queo</strong></span> <span class='ocrx_word' id='word_1_93' title='bbox 819 1708 905 1774; x_wconf 81' lang='lat' dir='ltr'><strong>dioto</strong></span> <span class='ocrx_word' id='word_1_94' title='bbox 927 1711 1001 1773; x_wconf 82' lang='lat' dir='ltr'><strong>eunt</strong></span> <span class='ocrx_word' id='word_1_95' title='bbox 1022 1709 1163 1774; x_wconf 82' lang='lat' dir='ltr'><strong>adtinere</strong></span> <span class='ocrx_word' id='word_1_96' title='bbox 1184 1727 1253 1791; x_wconf 86' lang='lat' dir='ltr'><strong>per·</strong></span> 
     </span>
     <span class='ocr_line' id='line_1_13' title="bbox 131 1811 1255 1895; baseline -0.001 -17"><span class='ocrx_word' id='word_1_97' title='bbox 131 1815 231 1878; x_wconf 80' lang='lat' dir='ltr'><strong>sectos</strong></span> <span class='ocrx_word' id='word_1_98' title='bbox 254 1816 408 1878; x_wconf 89' lang='lat' dir='ltr'><strong>eteorum</strong></span> <span class='ocrx_word' id='word_1_99' title='bbox 430 1813 554 1876; x_wconf 83' lang='lat' dir='ltr'><strong>tontum</strong></span> <span class='ocrx_word' id='word_1_100' title='bbox 577 1811 630 1893; x_wconf 89' lang='lat' dir='ltr'><strong>qui</strong></span> <span class='ocrx_word' id='word_1_101' title='bbox 652 1811 864 1894; x_wconf 83' lang='lat' dir='ltr'><strong>apostolorum</strong></span> <span class='ocrx_word' id='word_1_102' title='bbox 888 1811 1002 1877; x_wconf 82' lang='lat' dir='ltr'><strong>merito</strong></span> <span class='ocrx_word' id='word_1_103' title='bbox 1024 1811 1255 1895; x_wconf 80' lang='lat' dir='ltr'><strong>subsequuntur</strong></span> 
     </span>
     <span class='ocr_line' id='line_1_14' title="bbox 132 1913 1283 1999; baseline 0.003 -18"><span class='ocrx_word' id='word_1_104' title='bbox 132 1935 302 1999; x_wconf 81' lang='lat' dir='ltr'><strong>congruere</strong></span> <span class='ocrx_word' id='word_1_105' title='bbox 332 1913 479 1980; x_wconf 76' lang='lat' dir='ltr'><strong>oostimti.</strong></span> <span class='ocrx_word' id='word_1_106' title='bbox 518 1918 655 1980; x_wconf 85' lang='lat' dir='ltr'><strong>ceterum</strong></span> <span class='ocrx_word' id='word_1_107' title='bbox 684 1933 743 1998; x_wconf 90' lang='lat' dir='ltr'><strong>quo</strong></span> <span class='ocrx_word' id='word_1_108' title='bbox 772 1918 864 1999; x_wconf 83' lang='lat' dir='ltr'><strong>pecto</strong></span> <span class='ocrx_word' id='word_1_109' title='bbox 887 1915 946 1980; x_wconf 89' lang='lat' dir='ltr'><strong>hoo</strong></span> <span class='ocrx_word' id='word_1_110' title='bbox 967 1917 1163 1998; x_wconf 66' lang='lat' dir='ltr'><strong>peccatorum</strong></span> <span class='ocrx_word' id='word_1_111' title='bbox 1184 1918 1283 1998; x_wconf 82' lang='lat' dir='ltr'><strong>per-2</strong></span> 
     </span>
     <span class='ocr_line' id='line_1_15' title="bbox 131 2017 1252 2102; baseline 0 -18"><span class='ocrx_word' id='word_1_112' title='bbox 131 2038 227 2084; x_wconf 81' lang='lat' dir='ltr'><strong>sonae</strong></span> <span class='ocrx_word' id='word_1_113' title='bbox 250 2018 367 2102; x_wconf 87' lang='lat' dir='ltr'><strong>poterit</strong></span> <span class='ocrx_word' id='word_1_114' title='bbox 389 2017 553 2084; x_wconf 87' lang='lat' dir='ltr'><strong>conuenire</strong></span> <span class='ocrx_word' id='word_1_115' title='bbox 575 2018 655 2101; x_wconf 89' lang='lat' dir='ltr'><strong>quod</strong></span> <span class='ocrx_word' id='word_1_116' title='bbox 671 2019 799 2084; x_wconf 79' lang='lat' dir='ltr'><strong>diciturt</strong></span> <span class='ocrx_word' id='word_1_117' title='bbox 825 2038 897 2084; x_wconf 91' lang='lat' dir='ltr'><strong>nou</strong></span> <span class='ocrx_word' id='word_1_118' title='bbox 920 2019 1021 2083; x_wconf 88' lang='lat' dir='ltr'><strong>onim</strong></span> <span class='ocrx_word' id='word_1_119' title='bbox 1044 2018 1143 2101; x_wconf 87' lang='lat' dir='ltr'><strong>quod</strong></span> <span class='ocrx_word' id='word_1_120' title='bbox 1163 2018 1252 2084; x_wconf 92' lang='lat' dir='ltr'><strong>uolo</strong></span> 
     </span>
     <span class='ocr_line' id='line_1_16' title="bbox 96 2121 1253 2204; baseline -0.002 -16"><span class='ocrx_word' id='word_1_121' title='bbox 96 2123 237 2191; x_wconf 66' lang='lat' dir='ltr'><strong>miecio</strong></span> <span class='ocrx_word' id='word_1_122' title='bbox 259 2123 416 2203; x_wconf 88' lang='lat' dir='ltr'><strong>bouum,</strong></span> <span class='ocrx_word' id='word_1_123' title='bbox 439 2125 502 2187; x_wconf 87' lang='lat' dir='ltr'><strong>sed</strong></span> <span class='ocrx_word' id='word_1_124' title='bbox 525 2127 623 2204; x_wconf 87' lang='lat' dir='ltr'><strong>quod</strong></span> <span class='ocrx_word' id='word_1_125' title='bbox 647 2123 710 2187; x_wconf 91' lang='lat' dir='ltr'><strong>odi</strong></span> <span class='ocrx_word' id='word_1_126' title='bbox 734 2124 895 2200; x_wconf 78' lang='lat' dir='ltr'><strong>melum,</strong></span> <span class='ocrx_word' id='word_1_127' title='bbox 919 2123 990 2187; x_wconf 79' lang='lat' dir='ltr'><strong>&#39;noc</strong></span> <span class='ocrx_word' id='word_1_128' title='bbox 1013 2122 1106 2204; x_wconf 80' lang='lat' dir='ltr'><strong>ogo?</strong></span> <span class='ocrx_word' id='word_1_129' title='bbox 1132 2121 1186 2186; x_wconf 86' lang='lat' dir='ltr'><strong>sed</strong></span> <span class='ocrx_word' id='word_1_130' title='bbox 1214 2139 1253 2187; x_wconf 87' lang='lat' dir='ltr'><strong>no</strong></span> 
     </span>
     <span class='ocr_line' id='line_1_17' title="bbox 130 2224 1253 2308; baseline 0 -18"><span class='ocrx_word' id='word_1_131' title='bbox 130 2225 211 2290; x_wconf 88' lang='lat' dir='ltr'><strong>illud</strong></span> <span class='ocrx_word' id='word_1_132' title='bbox 227 2224 367 2308; x_wconf 87' lang='lat' dir='ltr'><strong>quidem:</strong></span> <span class='ocrx_word' id='word_1_133' title='bbox 392 2226 422 2288; x_wconf 85' lang='lat' dir='ltr'><strong>si</strong></span> <span class='ocrx_word' id='word_1_134' title='bbox 446 2229 575 2289; x_wconf 81' lang='lat' dir='ltr'><strong>cutem</strong></span> <span class='ocrx_word' id='word_1_135' title='bbox 598 2225 697 2307; x_wconf 91' lang='lat' dir='ltr'><strong>quod</strong></span> <span class='ocrx_word' id='word_1_136' title='bbox 720 2225 823 2298; x_wconf 88' lang='lat' dir='ltr'><strong>nolo,</strong></span> <span class='ocrx_word' id='word_1_137' title='bbox 848 2227 918 2290; x_wconf 85' lang='lat' dir='ltr'><strong>hoo</strong></span> <span class='ocrx_word' id='word_1_138' title='bbox 940 2225 1060 2307; x_wconf 76' lang='lat' dir='ltr'><strong>seclo,</strong></span> <span class='ocrx_word' id='word_1_139' title='bbox 1084 2225 1159 2289; x_wconf 82' lang='lat' dir='ltr'><strong>inm</strong></span> <span class='ocrx_word' id='word_1_140' title='bbox 1181 2243 1253 2290; x_wconf 87' lang='lat' dir='ltr'><strong>non</strong></span> 
     </span>
     <span class='ocr_line' id='line_1_18' title="bbox 129 2327 1251 2412; baseline -0.002 -18"><span class='ocrx_word' id='word_1_141' title='bbox 129 2344 199 2412; x_wconf 82' lang='lat' dir='ltr'><strong>ego</strong></span> <span class='ocrx_word' id='word_1_142' title='bbox 223 2345 361 2411; x_wconf 89' lang='lat' dir='ltr'><strong>operor</strong></span> <span class='ocrx_word' id='word_1_143' title='bbox 382 2327 486 2392; x_wconf 92' lang='lat' dir='ltr'><strong>illud</strong></span> <span class='ocrx_word' id='word_1_144' title='bbox 508 2329 572 2394; x_wconf 83' lang='lat' dir='ltr'><strong>sed</strong></span> <span class='ocrx_word' id='word_1_145' title='bbox 595 2329 694 2410; x_wconf 88' lang='lat' dir='ltr'><strong>quod</strong></span> <span class='ocrx_word' id='word_1_146' title='bbox 717 2327 880 2393; x_wconf 77' lang='lat' dir='ltr'><strong>habitet</strong></span> <span class='ocrx_word' id='word_1_147' title='bbox 901 2328 939 2393; x_wconf 91' lang='lat' dir='ltr'><strong>iu</strong></span> <span class='ocrx_word' id='word_1_148' title='bbox 962 2347 1018 2392; x_wconf 89' lang='lat' dir='ltr'><strong>mo</strong></span> <span class='ocrx_word' id='word_1_149' title='bbox 1039 2333 1251 2410; x_wconf 79' lang='lat' dir='ltr'><strong>peccatum.</strong></span> 
     </span>
     <span class='ocr_line' id='line_1_19' title="bbox 128 2429 1250 2513; baseline 0 -17"><span class='ocrx_word' id='word_1_150' title='bbox 128 2433 199 2513; x_wconf 87' lang='lat' dir='ltr'><strong>quis</strong></span> <span class='ocrx_word' id='word_1_151' title='bbox 222 2432 304 2496; x_wconf 90' lang='lat' dir='ltr'><strong>enim</strong></span> <span class='ocrx_word' id='word_1_152' title='bbox 328 2429 575 2512; x_wconf 85' lang='lat' dir='ltr'><strong>delinquentium</strong></span> <span class='ocrx_word' id='word_1_153' title='bbox 598 2430 706 2496; x_wconf 84' lang='lat' dir='ltr'><strong>nolens</strong></span> <span class='ocrx_word' id='word_1_154' title='bbox 729 2449 761 2496; x_wconf 86' lang='lat' dir='ltr'><strong>sc</strong></span> <span class='ocrx_word' id='word_1_155' title='bbox 792 2431 954 2497; x_wconf 77' lang='lat' dir='ltr'><strong>adulteriis</strong></span> <span class='ocrx_word' id='word_1_156' title='bbox 976 2429 1250 2496; x_wconf 79' lang='lat' dir='ltr'><strong>fornicationibus·</strong></span> 
     </span>
     <span class='ocr_line' id='line_1_20' title="bbox 128 2532 1249 2618; baseline 0 -20"><span class='ocrx_word' id='word_1_157' title='bbox 128 2553 189 2617; x_wconf 88' lang='lat' dir='ltr'><strong>que</strong></span> <span class='ocrx_word' id='word_1_158' title='bbox 218 2533 431 2599; x_wconf 78' lang='lat' dir='ltr'><strong>contaminet?</strong></span> <span class='ocrx_word' id='word_1_159' title='bbox 461 2537 528 2616; x_wconf 86' lang='lat' dir='ltr'><strong>quie</strong></span> <span class='ocrx_word' id='word_1_160' title='bbox 557 2533 676 2600; x_wconf 82' lang='lat' dir='ltr'><strong>inuitus</strong></span> <span class='ocrx_word' id='word_1_161' title='bbox 706 2535 844 2618; x_wconf 82' lang='lat' dir='ltr'><strong>proximo</strong></span> <span class='ocrx_word' id='word_1_162' title='bbox 871 2533 981 2600; x_wconf 79' lang='lat' dir='ltr'><strong>tendet</strong></span> <span class='ocrx_word' id='word_1_163' title='bbox 1002 2532 1156 2600; x_wconf 75' lang='lat' dir='ltr'><strong>insidiosi</strong></span> <span class='ocrx_word' id='word_1_164' title='bbox 1178 2533 1249 2616; x_wconf 88' lang='lat' dir='ltr'><strong>quio</strong></span> 
     </span>
     <span class='ocr_line' id='line_1_21' title="bbox 93 2635 1250 2721; baseline -0.002 -17"><span class='ocrx_word' id='word_1_165' title='bbox 93 2637 304 2704; x_wconf 81' lang='lat' dir='ltr'><strong>roineuitcbili</strong></span> <span class='ocrx_word' id='word_1_166' title='bbox 333 2635 518 2702; x_wconf 71' lang='lat' dir='ltr'><strong>necessitato</strong></span> <span class='ocrx_word' id='word_1_167' title='bbox 547 2637 685 2721; x_wconf 75' lang='lat' dir='ltr'><strong>cogntur,</strong></span> <span class='ocrx_word' id='word_1_168' title='bbox 717 2642 752 2701; x_wconf 92' lang='lat' dir='ltr'><strong>ut</strong></span> <span class='ocrx_word' id='word_1_169' title='bbox 782 2637 860 2703; x_wconf 78' lang='lat' dir='ltr'><strong>falso</strong></span> <span class='ocrx_word' id='word_1_170' title='bbox 890 2638 1066 2702; x_wconf 73' lang='lat' dir='ltr'><strong>testimonio</strong></span> <span class='ocrx_word' id='word_1_171' title='bbox 1093 2637 1250 2702; x_wconf 89' lang='lat' dir='ltr'><strong>hominem</strong></span> 
     </span>
     <span class='ocr_line' id='line_1_22' title="bbox 127 2739 1250 2824; baseline -0.001 -19"><span class='ocrx_word' id='word_1_172' title='bbox 127 2740 283 2824; x_wconf 82' lang='lat' dir='ltr'><strong>opprimet</strong></span> <span class='ocrx_word' id='word_1_173' title='bbox 312 2739 434 2804; x_wconf 85' lang='lat' dir='ltr'><strong>furtoue</strong></span> <span class='ocrx_word' id='word_1_174' title='bbox 465 2739 609 2824; x_wconf 82' lang='lat' dir='ltr'><strong>decipiet,</strong></span> <span class='ocrx_word' id='word_1_175' title='bbox 639 2743 676 2804; x_wconf 91' lang='lat' dir='ltr'><strong>ut</strong></span> <span class='ocrx_word' id='word_1_176' title='bbox 705 2741 834 2805; x_wconf 80' lang='lat' dir='ltr'><strong>ulterius</strong></span> <span class='ocrx_word' id='word_1_177' title='bbox 861 2741 959 2823; x_wconf 76' lang='lat' dir='ltr'><strong>spolie</strong></span> <span class='ocrx_word' id='word_1_178' title='bbox 980 2741 1178 2823; x_wconf 81' lang='lat' dir='ltr'><strong>concupiscet</strong></span> <span class='ocrx_word' id='word_1_179' title='bbox 1200 2741 1250 2805; x_wconf 88' lang='lat' dir='ltr'><strong>nel</strong></span> 
     </span>
     <span class='ocr_line' id='line_1_23' title="bbox 126 2842 1280 2927; baseline 0.003 -17"><span class='ocrx_word' id='word_1_180' title='bbox 126 2845 310 2927; x_wconf 77' lang='lat' dir='ltr'><strong>sanguinem</strong></span> <span class='ocrx_word' id='word_1_181' title='bbox 332 2842 466 2908; x_wconf 77' lang='lat' dir='ltr'><strong>fundet?</strong></span> <span class='ocrx_word' id='word_1_182' title='bbox 488 2843 563 2925; x_wconf 87' lang='lat' dir='ltr'><strong>quin</strong></span> <span class='ocrx_word' id='word_1_183' title='bbox 586 2843 692 2920; x_wconf 89' lang='lat' dir='ltr'><strong>immo,</strong></span> <span class='ocrx_word' id='word_1_184' title='bbox 722 2845 758 2908; x_wconf 90' lang='lat' dir='ltr'><strong>ut</strong></span> <span class='ocrx_word' id='word_1_185' title='bbox 786 2845 935 2927; x_wconf 78' lang='lat' dir='ltr'><strong>scriptum</strong></span> <span class='ocrx_word' id='word_1_186' title='bbox 959 2850 1017 2922; x_wconf 79' lang='lat' dir='ltr'><strong>eet,</strong></span> <span class='ocrx_word' id='word_1_187' title='bbox 1040 2842 1280 2913; x_wconf 78' lang='lat' dir='ltr'><strong>humcnumtl</strong></span> 
     </span>
     <span class='ocr_line' id='line_1_24' title="bbox 126 2945 1252 3030; baseline -0.001 -18"><span class='ocrx_word' id='word_1_188' title='bbox 126 2963 252 3030; x_wconf 85' lang='lat' dir='ltr'><strong>genno</strong></span> <span class='ocrx_word' id='word_1_189' title='bbox 294 2945 520 3030; x_wconf 80' lang='lat' dir='ltr'><strong>diIIgenter</strong></span> <span class='ocrx_word' id='word_1_190' title='bbox 557 2947 755 3012; x_wconf 88' lang='lat' dir='ltr'><strong>intentum</strong></span> <span class='ocrx_word' id='word_1_191' title='bbox 796 2950 855 3011; x_wconf 87' lang='lat' dir='ltr'><strong>eet</strong></span> <span class='ocrx_word' id='word_1_192' title='bbox 892 2946 937 3012; x_wconf 83' lang='lat' dir='ltr'><strong>ed</strong></span> <span class='ocrx_word' id='word_1_193' title='bbox 974 2945 1195 3028; x_wconf 84' lang='lat' dir='ltr'><strong>nequitiem</strong></span> <span class='ocrx_word' id='word_1_194' title='bbox 1232 2963 1252 3011; x_wconf 88' lang='lat' dir='ltr'><strong>o</strong></span> 
     </span>
     <span class='ocr_line' id='line_1_25' title="bbox 125 3049 1250 3116; baseline 0 -3"><span class='ocrx_word' id='word_1_195' title='bbox 125 3049 337 3116; x_wconf 88' lang='lat' dir='ltr'><strong>iuuentute</strong></span> <span class='ocrx_word' id='word_1_196' title='bbox 365 3067 447 3114; x_wconf 80' lang='lat' dir='ltr'><strong>ouo.</strong></span> <span class='ocrx_word' id='word_1_197' title='bbox 492 3050 525 3113; x_wconf 91' lang='lat' dir='ltr'><strong>iu</strong></span> <span class='ocrx_word' id='word_1_198' title='bbox 556 3053 680 3115; x_wconf 82' lang='lat' dir='ltr'><strong>tantum</strong></span> <span class='ocrx_word' id='word_1_199' title='bbox 711 3052 794 3114; x_wconf 90' lang='lat' dir='ltr'><strong>enim</strong></span> <span class='ocrx_word' id='word_1_200' title='bbox 829 3069 935 3116; x_wconf 86' lang='lat' dir='ltr'><strong>omnee</strong></span> <span class='ocrx_word' id='word_1_201' title='bbox 965 3049 1115 3114; x_wconf 87' lang='lat' dir='ltr'><strong>uitiorum</strong></span> <span class='ocrx_word' id='word_1_202' title='bbox 1147 3065 1250 3113; x_wconf 81' lang='lat' dir='ltr'><strong>amore</strong></span> 
     </span>
     <span class='ocr_line' id='line_1_26' title="bbox 91 3150 1249 3237; baseline -0.004 -16"><span class='ocrx_word' id='word_1_203' title='bbox 91 3154 296 3236; x_wconf 72' lang='lat' dir='ltr'><strong>udrgrentes</strong></span> <span class='ocrx_word' id='word_1_204' title='bbox 318 3153 493 3218; x_wconf 80' lang='lat' dir='ltr'><strong>desiderunt</strong></span> <span class='ocrx_word' id='word_1_205' title='bbox 515 3153 632 3235; x_wconf 85' lang='lat' dir='ltr'><strong>inplere</strong></span> <span class='ocrx_word' id='word_1_206' title='bbox 654 3171 733 3234; x_wconf 85' lang='lat' dir='ltr'><strong>quoe</strong></span> <span class='ocrx_word' id='word_1_207' title='bbox 756 3154 896 3237; x_wconf 77' lang='lat' dir='ltr'><strong>cupiunt,</strong></span> <span class='ocrx_word' id='word_1_208' title='bbox 926 3156 963 3216; x_wconf 90' lang='lat' dir='ltr'><strong>ut</strong></span> <span class='ocrx_word' id='word_1_209' title='bbox 985 3153 1081 3217; x_wconf 81' lang='lat' dir='ltr'><strong>etiem</strong></span> <span class='ocrx_word' id='word_1_210' title='bbox 1104 3150 1249 3235; x_wconf 78' lang='lat' dir='ltr'><strong>peruigili</strong></span> 
     </span>
     <span class='ocr_line' id='line_1_27' title="bbox 125 3254 1250 3340; baseline -0.001 -19"><span class='ocrx_word' id='word_1_211' title='bbox 125 3275 201 3322; x_wconf 86' lang='lat' dir='ltr'><strong>curu</strong></span> <span class='ocrx_word' id='word_1_212' title='bbox 237 3255 483 3338; x_wconf 79' lang='lat' dir='ltr'><strong>oportunitatem</strong></span> <span class='ocrx_word' id='word_1_213' title='bbox 520 3255 727 3321; x_wconf 90' lang='lat' dir='ltr'><strong>conmittendi</strong></span> <span class='ocrx_word' id='word_1_214' title='bbox 762 3256 890 3322; x_wconf 83' lang='lat' dir='ltr'><strong>ecelorio</strong></span> <span class='ocrx_word' id='word_1_215' title='bbox 925 3257 1116 3340; x_wconf 67' lang='lat' dir='ltr'><strong>aucupantes</strong></span> <span class='ocrx_word' id='word_1_216' title='bbox 1152 3254 1250 3320; x_wconf 79' lang='lat' dir='ltr'><strong>etiem</strong></span> 
     </span>
     <span class='ocr_line' id='line_1_28' title="bbox 124 3357 1251 3443; baseline -0.002 -19"><span class='ocrx_word' id='word_1_217' title='bbox 124 3361 261 3424; x_wconf 74' lang='lat' dir='ltr'><strong>timeant</strong></span> <span class='ocrx_word' id='word_1_218' title='bbox 275 3377 313 3422; x_wconf 91' lang='lat' dir='ltr'><strong>ne</strong></span> <span class='ocrx_word' id='word_1_219' title='bbox 328 3357 496 3424; x_wconf 90' lang='lat' dir='ltr'><strong>libidinum</strong></span> <span class='ocrx_word' id='word_1_220' title='bbox 512 3360 655 3423; x_wconf 72' lang='lat' dir='ltr'><strong>mulctato</strong></span> <span class='ocrx_word' id='word_1_221' title='bbox 670 3359 790 3424; x_wconf 81' lang='lat' dir='ltr'><strong>tordius</strong></span> <span class='ocrx_word' id='word_1_222' title='bbox 802 3359 971 3441; x_wconf 80' lang='lat' dir='ltr'><strong>potiuntur,</strong></span> <span class='ocrx_word' id='word_1_223' title='bbox 988 3363 1020 3423; x_wconf 91' lang='lat' dir='ltr'><strong>et</strong></span> <span class='ocrx_word' id='word_1_224' title='bbox 1032 3361 1068 3423; x_wconf 88' lang='lat' dir='ltr'><strong>de</strong></span> <span class='ocrx_word' id='word_1_225' title='bbox 1079 3358 1251 3443; x_wconf 80' lang='lat' dir='ltr'><strong>ignomimo</strong></span> 
     </span>
    </p>
   </div>
   <div class='ocr_carea' id='block_1_3' title="bbox 124 3560 1181 3717">
    <p class='ocr_par' dir='ltr' id='par_1_3' title="bbox 124 3560 1181 3717">
     <span class='ocr_line' id='line_1_29' title="bbox 225 3560 1181 3618; baseline 0.002 -3"><span class='ocrx_word' id='word_1_226' title='bbox 225 3561 325 3616; x_wconf 67' lang='lat' dir='ltr'><strong>Ilo.</strong></span> <span class='ocrx_word' id='word_1_227' title='bbox 429 3560 581 3616; x_wconf 71' lang='lat' dir='ltr'><strong>ouem</strong></span> <span class='ocrx_word' id='word_1_228' title='bbox 682 3561 909 3618; x_wconf 63' lang='lat' dir='ltr'><strong>dicii-2³</strong></span> <span class='ocrx_word' id='word_1_229' title='bbox 1013 3561 1181 3618; x_wconf 75' lang='lat' dir='ltr'><strong>mucro</strong></span> 
     </span>
     <span class='ocr_line' id='line_1_30' title="bbox 124 3645 716 3717; baseline 0 -15"><span class='ocrx_word' id='word_1_230' title='bbox 124 3648 158 3702; x_wconf 82' lang='lat'><strong>16</strong></span> <span class='ocrx_word' id='word_1_231' title='bbox 175 3646 287 3701; x_wconf 74' lang='lat' dir='ltr'><strong>tcto</strong></span> <span class='ocrx_word' id='word_1_232' title='bbox 389 3647 423 3700; x_wconf 77' lang='lat'><strong>22</strong></span> <span class='ocrx_word' id='word_1_233' title='bbox 441 3645 506 3702; x_wconf 82' lang='lat' dir='ltr'><strong>Gen.</strong></span> <span class='ocrx_word' id='word_1_234' title='bbox 525 3647 550 3714; x_wconf 86' lang='grc'><strong>8,</strong></span> <span class='ocrx_word' id='word_1_235' title='bbox 568 3647 601 3702; x_wconf 77' lang='lat'><strong>21</strong></span> <span class='ocrx_word' id='word_1_236' title='bbox 621 3647 716 3717; x_wconf 75' lang='lat' dir='ltr'><strong>(tux)</strong></span> 
     </span>
    </p>
   </div>
   <div class='ocr_carea' id='block_1_4' title="bbox 120 3817 1304 4490">
    <p class='ocr_par' dir='ltr' id='par_1_4' title="bbox 120 3817 1304 4490">
     <span class='ocr_line' id='line_1_31' title="bbox 174 3817 1247 3890; baseline 0.001 -17"><span class='ocrx_word' id='word_1_237' title='bbox 174 3819 188 3873; x_wconf 94' lang='lat'>1</span> <span class='ocrx_word' id='word_1_238' title='bbox 212 3817 258 3872; x_wconf 81' lang='lat' dir='ltr'><strong>rod</strong></span> <span class='ocrx_word' id='word_1_239' title='bbox 276 3833 324 3887; x_wconf 91' lang='lat' dir='ltr'><strong>pro</strong></span> <span class='ocrx_word' id='word_1_240' title='bbox 343 3817 409 3874; x_wconf 79' lang='lat' dir='ltr'><strong>BF:</strong></span> <span class='ocrx_word' id='word_1_241' title='bbox 439 3819 486 3874; x_wconf 79' lang='lat' dir='ltr'><strong>red</strong></span> <span class='ocrx_word' id='word_1_242' title='bbox 506 3817 560 3875; x_wconf 88' lang='lat' dir='ltr'><strong>O¹o</strong></span> <span class='ocrx_word' id='word_1_243' title='bbox 589 3817 635 3873; x_wconf 82' lang='lat' dir='ltr'><strong>eod</strong></span> <span class='ocrx_word' id='word_1_244' title='bbox 652 3835 682 3874; x_wconf 85' lang='lat' dir='ltr'><strong>er</strong></span> <span class='ocrx_word' id='word_1_245' title='bbox 703 3818 783 3890; x_wconf 68' lang='lat' dir='ltr'><strong>O’tlr</strong></span> <span class='ocrx_word' id='word_1_246' title='bbox 808 3820 843 3885; x_wconf 78' lang='lat' dir='ltr'><strong>cf.</strong></span> <span class='ocrx_word' id='word_1_247' title='bbox 862 3819 958 3884; x_wconf 79' lang='lat' dir='ltr'>XIII,</span> <span class='ocrx_word' id='word_1_248' title='bbox 977 3823 1018 3885; x_wconf 81' lang='lat' dir='ltr'><strong>u,</strong></span> <span class='ocrx_word' id='word_1_249' title='bbox 1036 3823 1056 3875; x_wconf 88' lang='grc'><strong><em>9</em></strong></span> <span class='ocrx_word' id='word_1_250' title='bbox 1073 3822 1104 3873; x_wconf 87' lang='lat' dir='ltr'><strong>ut</strong></span> <span class='ocrx_word' id='word_1_251' title='bbox 1121 3820 1247 3874; x_wconf 78' lang='lat' dir='ltr'><strong>orootorio</strong></span> 
     </span>
     <span class='ocr_line' id='line_1_32' title="bbox 121 3903 1247 3976; baseline 0.002 -19"><span class='ocrx_word' id='word_1_252' title='bbox 121 3903 211 3958; x_wconf 74' lang='lat' dir='ltr'><strong>nostrl</strong></span> <span class='ocrx_word' id='word_1_253' title='bbox 233 3903 390 3958; x_wconf 70' lang='lat' dir='ltr'><strong>clementiae</strong></span> <span class='ocrx_word' id='word_1_254' title='bbox 413 3905 527 3959; x_wconf 81' lang='lat' dir='ltr'><strong>mortulo</strong></span> <span class='ocrx_word' id='word_1_255' title='bbox 543 3904 646 3973; x_wconf 68' lang='lat' dir='ltr'><strong>aliquid</strong></span> <span class='ocrx_word' id='word_1_256' title='bbox 669 3921 723 3960; x_wconf 89' lang='lat' dir='ltr'><strong>non</strong></span> <span class='ocrx_word' id='word_1_257' title='bbox 746 3921 805 3975; x_wconf 91' lang='lat' dir='ltr'><strong>pro</strong></span> <span class='ocrx_word' id='word_1_258' title='bbox 828 3907 993 3975; x_wconf 57' lang='lat' dir='ltr'><strong>omuolltoto</strong></span> <span class='ocrx_word' id='word_1_259' title='bbox 1009 3907 1129 3976; x_wconf 73' lang='lat' dir='ltr'><strong>pictatio,</strong></span> <span class='ocrx_word' id='word_1_260' title='bbox 1148 3905 1193 3960; x_wconf 83' lang='lat' dir='ltr'><strong>eod</strong></span> <span class='ocrx_word' id='word_1_261' title='bbox 1210 3921 1247 3959; x_wconf 81' lang='lat' dir='ltr'><strong>ox</strong></span> 
     </span>
     <span class='ocr_line' id='line_1_33' title="bbox 121 3989 1244 4059; baseline 0.004 -17"><span class='ocrx_word' id='word_1_262' title='bbox 121 3989 214 4058; x_wconf 74' lang='lat' dir='ltr'><strong>nilque</strong></span> <span class='ocrx_word' id='word_1_263' title='bbox 231 3989 417 4058; x_wconf 79' lang='lat' dir='ltr'><strong>indulgentior</strong></span> <span class='ocrx_word' id='word_1_264' title='bbox 435 3989 614 4045; x_wconf 74' lang='lat' dir='ltr'><strong>similitudIno</strong></span> <span class='ocrx_word' id='word_1_265' title='bbox 631 4005 803 4059; x_wconf 74' lang='lat' dir='ltr'><strong>conperemne</strong></span> <span class='ocrx_word' id='word_1_266' title='bbox 905 3993 922 4044; x_wconf 83' lang='grc'>3</span> <span class='ocrx_word' id='word_1_267' title='bbox 945 3992 1000 4046; x_wconf 87' lang='lat' dir='ltr'><strong>odii</strong></span> <span class='ocrx_word' id='word_1_268' title='bbox 1025 3991 1050 4048; x_wconf 83' lang='lat'><strong><em>0</em></strong></span> <span class='ocrx_word' id='word_1_269' title='bbox 1148 3992 1244 4046; x_wconf 64' lang='lat' dir='ltr'><strong>boon·</strong></span> 
     </span>
     <span class='ocr_line' id='line_1_34' title="bbox 121 4073 1180 4146; baseline 0.005 -18"><span class='ocrx_word' id='word_1_270' title='bbox 121 4075 235 4130; x_wconf 83' lang='lat' dir='ltr'><strong>dilector</strong></span> <span class='ocrx_word' id='word_1_271' title='bbox 260 4073 302 4128; x_wconf 71' lang='lat' dir='ltr'><strong>K*</strong></span> <span class='ocrx_word' id='word_1_272' title='bbox 445 4076 478 4130; x_wconf 87' lang='grc'><strong>10</strong></span> <span class='ocrx_word' id='word_1_273' title='bbox 505 4075 591 4130; x_wconf 84' lang='lat' dir='ltr'><strong>omnle</strong></span> <span class='ocrx_word' id='word_1_274' title='bbox 618 4075 705 4131; x_wconf 79' lang='lat' dir='ltr'><strong>modio</strong></span> <span class='ocrx_word' id='word_1_275' title='bbox 731 4077 798 4132; x_wconf 63' lang='lat'><strong>1²¹0</strong></span> <span class='ocrx_word' id='word_1_276' title='bbox 938 4077 969 4133; x_wconf 93' lang='lat'><strong>11</strong></span> <span class='ocrx_word' id='word_1_277' title='bbox 997 4077 1129 4146; x_wconf 75' lang='lat' dir='ltr'><strong>pertinere</strong></span> <span class='ocrx_word' id='word_1_278' title='bbox 1155 4076 1180 4133; x_wconf 89' lang='lat' dir='ltr'><strong><em>O</em></strong></span> 
     </span>
     <span class='ocr_line' id='line_1_35' title="bbox 121 4157 1180 4219; baseline 0.005 -5"><span class='ocrx_word' id='word_1_279' title='bbox 121 4161 155 4214; x_wconf 72' lang='lat'><strong>12</strong></span> <span class='ocrx_word' id='word_1_280' title='bbox 181 4157 357 4214; x_wconf 77' lang='lat' dir='ltr'><strong>subnectuntur</strong></span> <span class='ocrx_word' id='word_1_281' title='bbox 385 4159 408 4216; x_wconf 91' lang='lat' dir='ltr'><em>O</em></span> <span class='ocrx_word' id='word_1_282' title='bbox 515 4159 547 4215; x_wconf 86' lang='lat'><strong>15</strong></span> <span class='ocrx_word' id='word_1_283' title='bbox 573 4160 630 4216; x_wconf 87' lang='lat' dir='ltr'><strong>odii</strong></span> <span class='ocrx_word' id='word_1_284' title='bbox 659 4160 682 4217; x_wconf 91' lang='lat'><strong><em>0</em></strong></span> <span class='ocrx_word' id='word_1_285' title='bbox 782 4175 831 4216; x_wconf 79' lang='lat' dir='ltr'><strong>noo</strong></span> <span class='ocrx_word' id='word_1_286' title='bbox 856 4178 873 4217; x_wconf 87' lang='lat' dir='ltr'><strong>o</strong></span> <span class='ocrx_word' id='word_1_287' title='bbox 982 4163 1017 4218; x_wconf 76' lang='lat' dir='ltr'><strong>ut</strong></span> <span class='ocrx_word' id='word_1_288' title='bbox 1040 4166 1075 4218; x_wconf 81' lang='lat' dir='ltr'><strong>ut</strong></span> <span class='ocrx_word' id='word_1_289' title='bbox 1099 4164 1127 4216; x_wconf 89' lang='lat' dir='ltr'><strong>in</strong></span> <span class='ocrx_word' id='word_1_290' title='bbox 1155 4163 1180 4219; x_wconf 89' lang='grc'><em>0</em></span> 
     </span>
     <span class='ocr_line' id='line_1_36' title="bbox 120 4243 1178 4320; baseline 0.006 -21"><span class='ocrx_word' id='word_1_291' title='bbox 120 4261 211 4300; x_wconf 71' lang='lat' dir='ltr'><strong>ornnes</strong></span> <span class='ocrx_word' id='word_1_292' title='bbox 229 4261 279 4300; x_wconf 77' lang='lat' dir='ltr'><strong>oon.</strong></span> <span class='ocrx_word' id='word_1_293' title='bbox 297 4243 356 4300; x_wconf 80' lang='lat' dir='ltr'><strong>BF</strong></span> <span class='ocrx_word' id='word_1_294' title='bbox 455 4263 526 4302; x_wconf 88' lang='lat' dir='ltr'><strong>more</strong></span> <span class='ocrx_word' id='word_1_295' title='bbox 548 4246 606 4302; x_wconf 78' lang='lat' dir='ltr'><strong>BF</strong></span> <span class='ocrx_word' id='word_1_296' title='bbox 706 4249 741 4304; x_wconf 77' lang='lat'><strong>25</strong></span> <span class='ocrx_word' id='word_1_297' title='bbox 761 4247 903 4320; x_wconf 72' lang='lat' dir='ltr'><strong>flnghutoo</strong></span> <span class='ocrx_word' id='word_1_298' title='bbox 920 4249 959 4304; x_wconf 67' lang='grc' dir='ltr'><em>Ρ</em></span> <span class='ocrx_word' id='word_1_299' title='bbox 988 4248 1178 4320; x_wconf 70' lang='lat' dir='ltr'><strong>uegluutoeo</strong></span> 
     </span>
     <span class='ocr_line' id='line_1_37' title="bbox 120 4330 1304 4407; baseline 0.002 -21"><span class='ocrx_word' id='word_1_300' title='bbox 120 4332 154 4386; x_wconf 74' lang='grc'><strong>26</strong></span> <span class='ocrx_word' id='word_1_301' title='bbox 172 4330 362 4386; x_wconf 74' lang='lat' dir='ltr'><strong>conmittendi·</strong></span> <span class='ocrx_word' id='word_1_302' title='bbox 379 4331 456 4387; x_wconf 79' lang='lat' dir='ltr'><strong>clorio</strong></span> <span class='ocrx_word' id='word_1_303' title='bbox 473 4332 502 4388; x_wconf 87' lang='lat' dir='ltr'>F</span> <span class='ocrx_word' id='word_1_304' title='bbox 602 4337 766 4404; x_wconf 69' lang='lat' dir='ltr'><strong>aucupantes</strong></span> <span class='ocrx_word' id='word_1_305' title='bbox 779 4372 853 4390; x_wconf 89' lang='grc'><strong>.....</strong></span> <span class='ocrx_word' id='word_1_306' title='bbox 861 4335 897 4392; x_wconf 68' lang='lat' dir='ltr'><strong>ii</strong></span> <span class='ocrx_word' id='word_1_307' title='bbox 914 4336 1062 4407; x_wconf 74' lang='lat' dir='ltr'><strong>potiuntur]</strong></span> <span class='ocrx_word' id='word_1_308' title='bbox 1081 4339 1245 4406; x_wconf 72' lang='lat' dir='ltr'><strong>aucupentur</strong></span> <span class='ocrx_word' id='word_1_309' title='bbox 1299 4381 1304 4388; x_wconf 81' lang='lat'><strong>.</strong></span> 
     </span>
     <span class='ocr_line' id='line_1_38' title="bbox 120 4417 641 4490; baseline 0.004 -17"><span class='ocrx_word' id='word_1_310' title='bbox 120 4417 159 4487; x_wconf 78' lang='grc' dir='ltr'><strong>βυ</strong></span> <span class='ocrx_word' id='word_1_311' title='bbox 261 4417 641 4490; x_wconf 60' lang='lat' dir='ltr'><strong>timoratorum*</strong></span> 
     </span>
    </p>
   </div>
   <div class='ocr_carea' id='block_1_5' title="bbox 0 0 1550 4967">
    <p class='ocr_par' dir='ltr' id='par_1_5' title="bbox 0 0 1550 4967">
     <span class='ocr_line' id='line_1_39' title="bbox 0 0 1550 4967; baseline 0 5"><span class='ocrx_word' id='word_1_312' title='bbox 0 0 1550 4967; x_wconf 95' lang='lat' dir='ltr'><strong> </strong></span> 
     </span>
    </p>
   </div>
  </div>
 </body>
</html>
