3092 4967
271 478 337 545 406
665 474 830 533 Iohannis
849 475 1009 531 Cassiani

274 669 358 733 sint
390 668 429 734 in
463 666 560 731 nube
594 667 634 732 et
664 667 705 731 in
739 666 856 745 mari,
890 670 931 731 et
962 667 1228 749 quemadmodum
1261 684 1400 732 omnes

274 768 1397 852 eandemspiritalemescammandncauerintetenndem

273 873 509 957 spiritalem
538 873 582 938 de
611 874 878 954 consequenti
907 876 1022 954 petra
1050 872 1231 939 biberint
1250 876 1396 955 potum,

272 979 391 1062 petra
423 980 556 1043 antem
589 975 677 1043 erat
711 974 909 1042 Christus.
948 994 1028 1060 quae
1059 977 1211 1059 expositio
1243 974 1397 1060 praetigu-

272 1078 389 1146 rationi
418 1078 553 1163 corporis
583 1082 615 1144 et
644 1080 809 1163 sanguinis
832 1078 949 1145 Christi
979 1099 1073 1163 quem
1103 1080 1216 1145 cotidie
1245 1079 1429 1149 sumimuee

243 1185 442 1265 occuparia
469 1182 638 1265 allegoriae
673 1182 813 1249 eontinet
842 1183 1007 1248 rationem.
1045 1183 1175 1249 scientia
1204 1201 1290 1263 uero,
1323 1200 1399 1265 quae

273 1285 421 1355 similiter
437 1282 477 1349 ah
502 1284 644 1367 apostolo
667 1286 868 1366 memoratur,
892 1285 1067 1367 tropologia
1088 1288 1148 1363 est,
1169 1304 1232 1369 que
1254 1286 1399 1352 uniuersa

274 1410 352 1475 qnae
383 1388 422 1453 ad
454 1388 670 1454 discretionem
702 1388 862 1473 pertinent
896 1388 1050 1453 actualem
1082 1392 1190 1454 utrum
1224 1388 1317 1454 utilia
1347 1388 1399 1453 uel

273 1492 403 1560 honesta
425 1490 492 1557 sint
513 1490 662 1574 prudenti
684 1492 912 1557 examinatione
935 1491 1156 1557 discernimusz
1180 1492 1217 1557 ut
1238 1494 1288 1557 est
1308 1491 1398 1567 illud,

274 1616 345 1663 cum
361 1597 444 1679 apud
458 1596 578 1663 nosmet
599 1595 684 1676 ipsos
706 1594 888 1660 iudicare
909 1594 1119 1677 praecipimur
1134 1598 1240 1661 utrum
1263 1594 1430 1664 decerto

273 1698 482 1765 mulierem
511 1717 582 1764 non
611 1696 745 1763 uelato
775 1697 907 1779 capite
928 1715 1040 1763 orare
1061 1700 1184 1764 deum.
1221 1715 1301 1781 quae
1322 1699 1399 1763 ratio

273 1806 312 1867 ut
333 1802 454 1867 dictum
475 1801 523 1867 est
545 1800 696 1865 moralem
719 1801 860 1867 continet
882 1800 1090 1866 intellectum.
1128 1800 1205 1866 item
1228 1800 1397 1886 prophetia,

274 1923 369 1989 quam
391 1904 484 1969 tertio
507 1902 666 1987 apostolus
688 1901 801 1968 intulit
822 1902 901 1981 loco,
922 1920 1084 1988 anagogen
1107 1909 1206 1983 sonat,
1230 1921 1286 1985 per
1307 1922 1398 1985 quam

275 2008 316 2073 ad
346 2006 520 2073 inuisibilia
541 2024 578 2071 ac
600 2006 708 2072 lutura
729 2024 831 2073 sermo
854 2005 1051 2085 transfertur,
1083 2008 1119 2072 ut
1140 2011 1190 2073 est
1210 2006 1306 2073 illud:
1337 2025 1399 2073 no-

273 2110 405 2175 lumus
427 2112 557 2175 autem
585 2108 770 2193 ignorare
792 2128 877 2191 uos,
908 2109 1074 2192 iratres,
1104 2110 1429 2179 dedormienti·1r

274 2212 361 2295 hus,
390 2216 432 2279 ut
455 2233 527 2280 non
550 2214 850 2280 contristemini
871 2213 977 2279 siout
999 2218 1037 2279 et
1059 2214 1184 2279 ceteri
1205 2216 1273 2297 qui
1293 2232 1398 2296 spem

276 2336 351 2382 uon
385 2316 541 2382 habent.
575 2316 608 2380 si
642 2316 744 2381 onim
778 2316 972 2382 oredimus
1007 2318 1188 2399 quoniam
1216 2316 1398 2383 Christus
1516 2375 1517 2394 p

276 2425 454 2487 mortuns
478 2424 538 2487 est
560 2424 599 2486 et
621 2422 862 2502 resurrexit,
885 2420 943 2485 ita
964 2421 1006 2486 et
1027 2421 1122 2487 deus
1145 2438 1207 2485 eos
1230 2422 1296 2504 qui
1318 2421 1398 2486 dor·

274 2524 447 2590 mierunt
475 2543 543 2606 per
566 2524 693 2589 Iesum
724 2523 898 2589 adducet
927 2542 1008 2589 cum
1035 2542 1086 2589 eo.
1125 2524 1193 2591 hoc
1214 2523 1317 2589 enim
1340 2540 1397 2588 oo·

275 2628 340 2693 his
370 2628 549 2693 dicimus
579 2629 618 2692 in
648 2627 776 2693 uerbo
806 2627 982 2706 domini,
1015 2627 1214 2710 qnoniam
1235 2645 1308 2692 nos
1330 2624 1431 2709 quino
1515 2711 1516 2718 ἵ

274 2729 451 2797 uiuimus
481 2731 519 2795 in
550 2728 721 2797 aduentu
747 2730 988 2796 domininon
1012 2732 1398 2812 praeueniemuseos
1515 2761 1516 2788 i

276 2835 342 2919 qui
363 2834 607 2899 dormierunt
636 2834 673 2899 in
696 2832 874 2911 Christo,
903 2835 1085 2916 quoniam
1114 2833 1199 2916 ipse
1221 2833 1398 2900 dominus

275 2937 315 3002 in
338 2936 462 3014 iussu,
487 2936 524 3003 in
546 2956 639 3003 noce
662 2939 896 3020 archangeli
919 2941 957 3003 et
978 2940 1016 3003 in
1040 2938 1133 3004 tuba
1155 2939 1219 3003 dei
1241 2939 1396 3004 descen·

276 3046 345 3109 det
366 3044 411 3108 de
433 3041 566 3121 eaelo,
589 3046 628 3107 et
649 3043 796 3107 mortui
818 3043 885 3125 qui
907 3043 948 3107 in
971 3041 1135 3109 Christo
1157 3045 1253 3107 suut
1276 3060 1397 3107 resur·

246 3148 375 3231 'lgent
397 3145 538 3229 primo.
562 3164 623 3229 qua
645 3144 869 3211 exhortationis
891 3146 992 3227 specie
1013 3163 1167 3230 anagoges
1190 3144 1291 3229 figura
1312 3162 1430 3227 prae-re

276 3248 385 3315 fertur.
417 3248 559 3315 doctrina
580 3266 653 3313 uero
672 3248 847 3329 simplicem
864 3247 1031 3315 historicae
1045 3248 1247 3330 expositionis
1262 3248 1399 3313 ordinem

275 3353 395 3436 pandit,
430 3355 462 3419 in
495 3370 556 3436 qua
590 3352 694 3417 nullus
727 3351 879 3418 occultior
911 3352 1089 3417 intellectus
1122 3352 1184 3417 nisi
1213 3352 1269 3434 qui
1297 3350 1398 3416 uerbis
1513 3393 1514 3424 2

381 3550 415 3603 10
432 3550 447 3604 Ι
465 3549 526 3603 Cor.
545 3549 586 3613 11,
607 3549 639 3603 13
743 3549 810 3604 141
828 3550 920 3603 Thess.
938 3549 963 3614 4,
982 3550 1084 3604 12-15

330 3730 342 3783 1
370 3731 436 3782 sunt
462 3728 552 3781 ΠΤΟ
659 3728 676 3783 2
702 3744 789 3784 eseam
815 3730 968 3799 spiritalem
994 3730 1043 3783 Σο
1060 3734 1086 3784 et
1107 3729 1187 3799 Vale.
1292 3728 1399 3783 mandu-
1512 3775 1513 3778 ,

277 3817 406 3869 caoernnt
423 3815 477 3868 ΤΟ
495 3816 562 3882 (coa
579 3815 616 3881 Π)
711 3816 875 3870 3bihernnt
892 3817 947 3869 ΤΟ
1042 3819 1136 3885 potum
1153 3831 1203 3871 oon.
1222 3816 1264 3868 H:
1294 3814 1400 3871 addidit

275 3904 343 3956 onst
360 3901 588 3970 cettespiritalem
678 3902 1014 3971 4praeflgurationisllO
1103 3903 1339 3972 hqnemlquaed‘

276 3987 478 4055 ltropologine
495 3988 536 4050 Π,
564 4001 616 4041 orn.
635 3990 678 4041 set
772 3989 838 4058 quia
854 3989 880 4042 0
973 3989 1128 4043 uniuersam
1145 3990 1185 4039 ΠΙ
1283 3989 1318 4043 10
1333 3988 1398 4056 aput

276 4072 336 4126 ΣΟ
422 4072 541 4141 12ρτοί.
558 4074 589 4125 Π
679 4074 711 4129 13
729 4074 817 4129 locum
833 4074 873 4127 Πι
964 4075 996 4129 lt
1014 4074 1086 4143 quod
1103 4075 1175 4129 iesus
1193 4073 1220 4128 Ο
1309 4072 1398 4127 ldeet

276 4175 327 4215 osa
344 4159 384 4212 Πι
489 4159 521 4213 19
538 4159 689 4214 adducito
791 4161 824 4214 21
845 4165 912 4229 poet
928 4160 1048 4215 uiuimus
1064 4159 1129 4215 add.
1150 4159 1208 4215 Oc:
1238 4160 1285 4229 qui
1302 4156 1399 4213 residui

275 4262 367 4301 sumus
470 4246 656 4313 praeuenimus
677 4246 701 4301 0
804 4246 839 4300 23
862 4251 890 4301 et
907 4246 937 4299 in
955 4262 1019 4301 uoce
1036 4246 1113 4301 1ου
1215 4244 1350 4301 discendit
1364 4243 1399 4295 ll'

274 4331 411 4386 descendit
429 4331 455 4384 Ο
548 4331 582 4385 25
600 4332 680 4400 primi
698 4333 727 4383 Π
732 4332 809 4387 11ου
903 4331 937 4385 26
955 4332 1105 4386 doctrinam
1122 4332 1189 4383 ΣΦ
1275 4330 1399 4385 historica

274 4434 345 4473 corr.
362 4420 393 4473 in
410 4418 565 4473 historicum
584 4419 614 4469 Π
642 4419 771 4473 historiae
789 4420 828 4471 Τ·
932 4418 966 4473 21
983 4418 1083 4487 pandet
1099 4418 1139 4468 ΠΙ
