3092 4967
528 462 689 518 conlatio
712 460 787 528 XXI,
806 460 918 516 li-ta
1222 460 1285 528 687

160 653 354 721 definitiones
386 646 419 717 in
452 650 548 719 aliam
581 652 704 735 partem
738 652 847 717 cadere
880 652 1007 716 omnino
1036 649 1193 716 mutarine
1224 668 1285 715 non

158 760 297 839 possunt.
334 756 362 821 si
385 772 447 837 qua
468 774 542 821 uero
564 756 597 821 in
619 756 787 837 utrumque
810 753 957 819 effectum
971 756 1101 835 possunt
1115 750 1286 836 aliquando

158 860 302 938 ueneno,
330 862 366 924 ιιι
395 876 451 942 pro
473 858 626 940 qualitate
655 857 815 925 utentium
836 859 890 924 nel
910 856 993 923 bona
1013 856 1212 923 inueniuntur
1233 855 1286 922 uel

157 964 250 1046 mala,
274 962 349 1029 haec
370 978 433 1029 non
457 961 600 1028 absolute
620 978 675 1044 pro
698 978 755 1027 sna
776 962 899 1041 natura,
923 960 978 1026 sed
999 976 1055 1044 pro
1076 960 1285 1043 perpetrantis

137 1066 283 1133 aadimtu
305 1067 337 1133 et
360 1066 572 1149 oportunitate
597 1065 747 1149 temporie
769 1065 823 1131 uel
845 1064 940 1131 utilia
953 1065 1111 1132 interdum
1125 1062 1178 1130 uel
1192 1062 1286 1128 noxia

18 1184 19 1191 ’
157 1170 347 1237 sentiuntur.

198 1290 289 1356 XIII.
312 1290 520 1372 Quamobrem
543 1308 626 1355 nunc
652 1289 862 1372 quaerendum
891 1290 940 1354 ast
961 1290 1035 1372 quid
1056 1306 1150 1372 super
1171 1287 1284 1355 ieiuni·

157 1413 247 1460 orum
270 1397 356 1460 statu
379 1394 543 1460 decernere
565 1394 740 1473 debeamus,
764 1396 947 1459 utrumnam
969 1391 1117 1459 similiter
1134 1395 1166 1457 et
1180 1393 1284 1476 ipsum

156 1499 272 1565 bonnm
294 1516 361 1563 esse
383 1514 419 1563 eo
441 1501 531 1563 modo
554 1513 614 1580 quo
637 1496 804 1575 iustitiam,
827 1496 1038 1580 prudentiam,
1061 1495 1283 1562 fortitudinem

124 1620 192 1667 nac
212 1600 454 1684 temperantiam
476 1600 621 1679 diximus,
648 1616 726 1682 quae
749 1600 784 1665 in
804 1604 925 1682 partem
949 1600 1136 1666 contrariam
1158 1598 1283 1683 penitus

154 1705 290 1771 transire
313 1722 375 1771 non
397 1710 536 1787 possunt,
559 1720 599 1768 an
621 1704 761 1769 medinm
783 1704 869 1787 quid,
893 1703 974 1786 quod
988 1704 1147 1769 interdum
1163 1703 1282 1768 iactum

154 1809 251 1891 possit
277 1808 421 1890 prodeme
448 1810 480 1873 et
508 1805 666 1873 interdum
698 1808 956 1890 praetermissum
988 1806 1190 1873 rontemnere
1221 1825 1282 1876 non

153 1910 262 1995 possit,
292 1911 433 1993 quodque
462 1928 694 1993 nonnumquam
725 1912 827 1995 egisse
853 1909 1100 1995 reprehensibile
1125 1911 1178 1988 sit,
1202 1929 1282 1976 non·

155 2033 328 2100 numquam
349 2015 596 2099 praetermisisse
622 2013 790 2081 landabile.
822 2015 850 2078 ei
872 2016 957 2079 enim
978 2016 1012 2079 in
1033 2014 1090 2080 illa
1104 2012 1311 2081 delinitione‘l

122 2147 144 2187 s
153 2120 312 2185 uirtutum
337 2119 434 2185 etiam
457 2119 607 2184 ieiunium
631 2136 821 2195 censeamus,
844 2118 882 2183 ιιι
902 2118 986 2183 iuter
999 2116 1186 2201 principalia
1200 2116 1283 2181 bone

153 2221 294 2288 ciborum
324 2223 516 2289 abstinentia
545 2223 734 2301 conlocetur,
764 2224 824 2287 erit
846 2222 985 2305 profecto
1008 2238 1115 2287 eorum
1144 2222 1228 2287 mala
1249 2227 1282 2285 et

152 2328 318 2392 criminosa
340 2324 508 2410 perceptio.
547 2325 698 2408 quidquid
714 2325 799 2390 enim
814 2324 979 2408 priucipali
996 2328 1072 2391 bono
1087 2326 1281 2391 contrarium

153 2430 210 2508 est,
238 2431 303 2495 sine
332 2428 425 2496 dnbio
453 2428 627 2513 principale
655 2428 777 2495 malum
806 2446 871 2494 esse
893 2428 1081 2493 censendum
1106 2430 1162 2493 est.
1199 2430 1282 2513 quod

152 2532 275 2598 definiri
290 2551 309 2597 a
324 2532 413 2599 nobis
428 2532 653 2615 scripturarum
669 2537 848 2599 sanctarum
861 2550 921 2596 non
933 2531 1091 2615 permittit
1101 2532 1280 2598 auctoritas.

118 2638 180 2702 acsi
202 2636 288 2700 enim
309 2636 369 2702 tali
392 2654 486 2701 sensu
509 2652 544 2701 ac
566 2636 722 2718 proposito
751 2636 933 2711 ieiunemus,
962 2637 999 2699 ut
1024 2635 1185 2717 peecatum
1207 2644 1311 2707 con-3

151 2740 235 2805 trabi
263 2740 296 2805 in
324 2758 463 2807 escarum
493 2738 733 2823 participatione
765 2739 936 2821 credamus,
965 2757 1027 2803 non
1054 2738 1147 2803 modo
1175 2738 1281 2803 nnilos

152 2846 272 2909 ιιιιιιιιι
294 2862 350 2928 pro
372 2844 565 2910 abstinentie
587 2860 818 2925 consequemur,
842 2842 896 2906 sed
918 2844 1014 2907 etiam
1036 2846 1161 2907 reatum
1179 2842 1279 2906 maxi·

151 2965 239 3011 mum
268 2964 305 3011 ac
332 2946 490 3031 sacrilegii
512 2948 629 3011 crimen
655 2946 825 3010 secundnm
848 2945 1026 3028 apostolum
1048 2946 1279 3027 contrahemus,

152 3050 406 3117 abstinentes
430 3068 449 3115 a
470 3050 587 3127 cibis,
620 3067 714 3134 qnos
745 3050 841 3114 dens
863 3048 1019 3113 creauit
1042 3051 1088 3114 ad
1110 3048 1281 3132 percipi-

118 3155 288 3219 ciendum
311 3172 395 3219 cnm
418 3154 641 3237 gratiarum
671 3155 829 3219 actione
855 3152 1047 3218 fidelibus
1069 3158 1107 3217 et
1129 3152 1190 3217 bis
1213 3153 1280 3233 qni

150 3262 423 3341 cognorerunt
452 3259 673 3323 ueritatem.
719 3259 812 3339 quie
845 3256 970 3323 omnis
1004 3257 1190 3321 creatura
1219 3254 1280 3319 dei

149 3360 265 3439 bona,
303 3367 340 3426 et
378 3360 483 3426 nihil
525 3361 771 3427 reiciendum
809 3361 907 3443 quod
943 3378 1026 3425 cnm
1062 3359 1281 3443 gratiarum

150 3466 305 3531 actione
334 3464 565 3547 percipitur.
601 3464 667 3548 qui
700 3466 785 3529 enim
814 3464 931 3548 putat
959 3461 1050 3546 quid
1078 3479 1280 3527 commune

150 3586 246 3651 esse,
274 3568 344 3633 illi
371 3586 571 3635 commune
595 3570 664 3633 est.
702 3568 880 3634 etidcirco
909 3568 947 3634 ob
977 3565 1077 3632 solam
1106 3565 1278 3647 perceptIo·

116 3688 220 3737 eonem
244 3688 329 3737 escae
353 3672 510 3737 neminem
532 3672 668 3755 legimus
690 3671 940 3749 condemnatum,
963 3669 1025 3736 nisi
1042 3668 1121 3733 forte
1136 3667 1277 3733 iunctum

250 3875 285 3929 24
303 3875 318 3929 I
336 3876 405 3929 Tim.
422 3876 448 3941 4,
466 3877 535 3931 3-4
637 3876 671 3929 28
689 3875 765 3931 Rom
783 3876 825 3939 14,
845 3876 878 3929 14

200 4047 334 4101 ldiilnit.
354 4046 381 4101 B
471 4046 639 4101 dedicatum
657 4045 698 4101 K¹
728 4044 854 4101 affectum
873 4045 960 4101 OK‘n
1044 4046 1186 4114 rproptor
1203 4047 1277 4112 (poet

147 4133 206 4200 sod)
226 4132 293 4187 BFr
321 4148 372 4187 om.
390 4132 424 4186 K
515 4131 679 4201 inpetraritis
698 4130 721 4188 0
815 4131 955 4186 badfectn
972 4131 1028 4186 Κί
1053 4130 1178 4185 affectum
1196 4129 1276 4184 BFO

147 4219 190 4274 K‘
272 4218 484 4288 oportunitatem
495 4218 536 4273 B¹
619 4218 651 4273 10
668 4232 698 4271 ac
714 4216 804 4273 ΒΓΗ
830 4217 881 4271 hac
900 4218 924 4274 0
948 4219 997 4271 ant
1014 4217 1063 4272 Kc
1144 4215 1177 4270 12
1194 4216 1277 4285 prode

147 4322 203 4362 osse
220 4306 263 4361 Ii¹
366 4306 395 4359 ct
411 4320 461 4361 ora
482 4304 556 4361 OKo
658 4305 693 4360 15
709 4304 789 4374 bona]
806 4304 841 4359 bo
858 4304 894 4370 F,
910 4304 959 4359 aed
976 4320 1046 4362 crea
1151 4303 1181 4358 l'l
1201 4304 1275 4372 quic·

147 4392 211 4463 quid
231 4393 254 4447 0
357 4393 390 4447 21
407 4391 499 4446 nullus
516 4390 555 4445 F¹
658 4390 693 4445 23
711 4390 894 4446 contrahimus
911 4390 1011 4445 B¹FK
