3092 4967
293 434 356 501 364
684 435 849 490 Iohannis
867 434 1024 492 Cassiani

292 625 504 692 misericordia
533 626 715 706 roborasset,
746 631 778 691 et
807 626 949 693 ineffioax
979 628 1045 692 eius
1070 627 1219 693 uoluntae
1249 626 1362 694 inisset
1382 646 1417 693 ao

292 730 403 807 uirtus,
432 728 493 795 nisi
524 728 620 795 etiam
644 728 812 815 peragendi
840 732 970 812 sopiam,
1000 747 1079 812 quae
1109 746 1344 813 nonnumquam
1366 731 1417 797 uei

292 832 444 897 siccitatis
475 832 526 896 uel
555 832 705 897 imbrium
735 832 901 898 nimietate
926 823 1100 909 fraudatur,
1121 835 1229 899 diuina
1249 834 1418 899 elementia

261 935 510 1017 4praeatitisset.
549 952 623 1001 nam
646 954 717 1003 oum
740 937 772 999 et
794 935 888 1001 boum
902 935 1013 1000 ¹uirtus
1035 938 1069 1000 et
1089 935 1208 1002 sanitas
1231 937 1370 1019 eorporis
1387 942 1419 1000 et

291 1038 430 1104 omnium
454 1039 583 1105 effaetus
598 1058 725 1124 operum
741 1040 931 1121 actuumque
945 1040 1134 1123 prosperitas
1148 1059 1167 1106 a
1181 1040 1308 1106 domino
1323 1038 1419 1105 inerit
1437 1061 1450 1101 s

291 1143 472 1226 condonata,
495 1142 645 1207 orandum
668 1145 715 1207 est
738 1162 777 1207 no
791 1140 849 1208 fiat
869 1142 898 1207 ei
920 1144 1002 1208 naut
1023 1144 1241 1227 scriptumest
1264 1143 1416 1209 eaelum

290 1265 443 1311 aereum
480 1248 517 1309 et
549 1247 660 1311 terra
693 1244 838 1323 ferrea,
871 1248 905 1309 et
933 1264 971 1311 ne
1002 1246 1204 1311 residuum
1233 1245 1418 1312 lucustae

290 1348 467 1416 comedat
488 1346 658 1413 bruebns
680 1349 718 1413 et
739 1347 939 1413 residuum
961 1348 1103 1413 br'uobi
1123 1368 1238 1416 ennea
1258 1350 1418 1415 deuoret

290 1455 329 1518 et
361 1452 560 1518 residuum
593 1468 733 1515 enneae
767 1449 905 1533 robigo
938 1453 1157 1520 oonsumat
1201 1470 1259 1519 neo
1291 1452 1328 1517 in
1360 1452 1418 1516 boo

288 1558 414 1621 tantum
445 1558 517 1638 aget
539 1552 717 1619 diuinitatis
740 1552 856 1618 anxilio
878 1553 1032 1637 agrioolaa
1061 1553 1228 1622 laborantis
1249 1554 1448 1630 industriae

289 1659 352 1724 nisi
374 1660 469 1724 etiam
491 1656 665 1740 insperatos
687 1659 812 1721 auertat
832 1672 932 1736 omns,
955 1656 1082 1738 quibus,
1103 1657 1226 1724 etiamsi
1239 1658 1417 1725 desiderata

289 1762 450 1828 fruetuum
482 1759 673 1825 ieennditate
706 1777 780 1843 ager
812 1758 908 1825 inerit
929 1761 1096 1843 opimatus,
1126 1780 1188 1827 non
1217 1762 1320 1828 solum
1352 1764 1417 1847 spei

289 1882 363 1931 suae
384 1883 468 1930 uana
490 1863 703 1946 exportatione
717 1862 932 1942 frustrabitur,
960 1881 1070 1929 nerum
1084 1864 1182 1930 etiam
1196 1870 1417 1949 perceptarum

289 1972 320 2033 et
343 1966 574 2033 reoonditerum
596 1968 659 2031 iam
681 1964 732 2031 nel
754 1966 787 2031 in
808 1984 880 2031 area
908 1966 960 2031 nal
984 1967 1017 2032 in
1039 1966 1148 2033 horreo
1169 1968 1297 2051 frugum
1321 1967 1415 2034 uber·

257 2067 353 2136 btata
369 2072 576 2137 fraudabitur.
601 2068 715 2152 quibus
730 2069 893 2135 manifeste
907 2069 1069 2153 oolligitur
1082 2088 1143 2137 non
1161 2072 1262 2136 solum
1274 2074 1447 2145 aetnnmre

288 2193 398 2239 uerum
428 2174 526 2239 etiam
555 2173 780 2257 cogitationum
809 2172 960 2237 bonarum
983 2191 1019 2238 ax
1041 2174 1098 2238 deo
1123 2193 1191 2241 esse
1210 2174 1414 2257 principium.

288 2278 341 2359 qui
370 2277 458 2342 nobis
488 2280 521 2342 et
550 2276 641 2342 initia
671 2278 799 2341 sanotae
831 2276 1006 2341 uoluntatis
1036 2276 1172 2359 inspirat
1201 2279 1233 2341 et
1260 2277 1414 2342 uirtutem

287 2383 379 2464 atque
402 2383 646 2463 oportunitatem
669 2397 776 2444 eorum
807 2396 887 2462 quae
916 2380 1001 2445 reete
1022 2380 1167 2463 oupimus
1189 2378 1305 2444 tribuit
1327 2398 1415 2463 pera·

287 2486 395 2569 gandi:
418 2503 530 2551 omne
552 2486 634 2549 enim
657 2484 788 2547 datum
816 2482 953 2548 bonum
977 2486 1013 2548 et
1035 2501 1145 2549 omne
1167 2483 1308 2548 donum
1331 2501 1414 2564 pon·

286 2590 431 2654 foetum
454 2588 670 2653 desursum
693 2587 755 2651 est
778 2586 1187 2669 descendensapatre
1210 2586 1445 2665 luminuma

287 2692 340 2773 qui
362 2697 394 2755 et
415 2690 526 2772 inoipit
547 2708 626 2773 quaa
648 2688 730 2754 bona
752 2691 829 2754 sunt
851 2694 883 2754 et
904 2690 1082 2773 exsequitur
1103 2690 1137 2754 et
1158 2692 1359 2755 consummat
1381 2689 1413 2753 in

286 2794 385 2872 nobis,
401 2794 523 2859 dioente
538 2794 693 2875 apostolor
717 2794 783 2877 qui
797 2796 924 2859 autem
940 2793 1005 2858 dat
1024 2811 1155 2859 semen
1178 2792 1413 2873 seminanti,

287 2898 327 2959 et
358 2915 506 2978 panem·
528 2898 573 2962 ad
606 2899 917 2963 manducandum
949 2896 1176 2977 praestabit
1208 2900 1245 2961 et
1276 2897 1414 2962 multi·

285 2999 461 3083 plioabit
484 3018 612 3065 samen
637 3005 814 3065 uestrum
837 3003 875 3064 et
898 3016 1076 3065 erescere
1102 2999 1231 3065 faoiet
1252 2998 1413 3065 fruetus

256 3104 469 3169 diustitiae
490 3106 660 3169 uestrae.
696 3106 838 3169 nostrum
861 3121 933 3168 uero
957 3107 1016 3184 est,
1043 3106 1079 3167 ut
1101 3102 1217 3169 ootidie
1238 3102 1444 3169 adtraban-as

285 3209 349 3272 tem
373 3226 428 3273 nos
450 3206 586 3289 gratiam
610 3206 660 3272 dei
683 3206 847 3271 humiliter
876 3207 1109 3289 subsequamur,
1136 3205 1189 3271 uel
1211 3210 1293 3272 oerts
1316 3207 1412 3270 dura

390 3380 422 3434 15
439 3377 537 3447 quibus
550 3376 694 3431 manifeste
704 3414 711 3427 .
722 3414 728 3428 .
740 3418 746 3429 .
758 3418 763 3429 .
773 3392 800 3445 p.
812 3376 871 3441 365,
885 3378 901 3431 6
914 3376 1060 3431 noluerunt
1071 3376 1183 3445 reuerti]
1197 3375 1291 3444 Prosp-
1303 3377 1328 3442 2,
1339 3376 1357 3430 2

286 3484 488 3495 ——-———-

387 3596 501 3651 dDeut.
520 3594 563 3658 28,
581 3594 616 3647 23
703 3592 793 3647 iloel
813 3594 870 3658 1,4
965 3595 997 3648 19
1015 3594 1068 3649 Iae
1089 3594 1112 3659 l,
1132 3584 1163 3647 '17
1251 3592 1284 3647 22
1303 3592 1408 3649 neor.

285 3682 309 3745 9,
328 3683 363 3735 10
463 3680 498 3734 26
515 3680 575 3734 dee.
594 3679 618 3745 7,
636 3678 668 3733 bl

336 3844 464 3913 2etiam]
483 3859 540 3898 eam
560 3844 589 3895 Π
679 3844 787 3912 4nam]
805 3858 868 3896 nam
887 3846 915 3896 et
932 3843 973 3906 Σ,
997 3841 1046 3895 aed
1062 3846 1091 3893 et
1109 3840 1160 3895 dol.
1178 3842 1246 3895 m
1331 3840 1409 3893 boum

285 3932 321 3985 Y:
349 3929 446 3984 bonum
465 3929 554 3982 ΣΠΟ
639 3928 785 3985 baffeotue
802 3932 829 3981 Y
912 3928 1063 3981 iloouetae
1080 3927 1133 3980 ΤΟ
1164 3958 1172 3968 ·
1221 3923 1409 3981 8oomedebat

283 4016 323 4067 11¹
411 4014 507 4068 bruous
526 4014 769 4068 metium]
855 4013 952 4067 brnobi
969 4014 998 4065 Σ
1029 4012 1102 4066 bruai
1120 4014 1258 4066 ‘Pom
1275 4009 1342 4065 αθ

285 4101 396 4156 deuoret
413 4116 490 4155 erues
507 4104 533 4153 'P
632 4100 764 4169 9rubigo
783 4100 868 4153 HYO
971 4100 1004 4153 lo
1020 4101 1163 4167 exepeotat.
1181 4100 1207 4151 Y
1303 4096 1408 4168 liqui]

284 4185 382 4255 quibua
401 4188 426 4237 Τ
509 4186 540 4240 21
555 4185 727 4256 exequitnrO
813 4186 848 4240 22
861 4185 985 4254 apostulo
1003 4185 1043 4235 11¹
1130 4183 1166 4237 24
1182 4183 1302 4237 truttam
1319 4184 1344 4235 2·

283 4272 317 4326 25
336 4275 398 4326 eott.
417 4274 443 4324 Τ
466 4271 585 4341 quotidie
596 4272 623 4324 Ο
707 4271 867 4326 adtrahenta
886 4272 939 4325 ΣΟ
1024 4269 1058 4324 26
1077 4269 1166 4339 gratia
1184 4270 1212 4321 Σ
1225 4268 1326 4323 ataid.
1338 4274 1365 4323 et
1382 4268 1408 4321 0

284 4358 401 4445 gratiam
419 4392 440 4442 φ
