3092 4967
303 420 366 485 616
696 420 857 475 Iohannis
874 418 1033 477 Cassiani

301 626 365 673 uon
397 608 497 673 solum
529 608 754 694 percipientem
783 612 875 686 ditat,
905 629 1014 676 nerum
1049 611 1147 677 ctiam
1182 632 1244 677 non
1275 612 1424 679 inminuit

300 710 498 795 largientem.
548 712 689 794 duplices
734 713 889 796 siquidem
934 717 1102 798 cengregat
1139 716 1285 797 quaestus
1323 734 1425 781 rorum

300 814 491 896 spiritalium
526 816 727 913 dispensator,
758 816 920 901 quianon
949 815 1051 883 solum
1081 819 1113 884 in
1140 819 1229 885 illius
1256 820 1309 901 qni
1339 819 1425 885 audit

299 918 449 1001 proiectu,
473 937 583 984 uerum
607 919 702 985 stiam
725 920 757 985 in
781 939 837 985 sua
862 920 1074 1003 disputatione
1096 923 1281 1005 compendia
1303 939 1425 987 summa

300 1023 507 1107 consequitur,
532 1041 594 1087 non
609 1024 712 1089 minus
728 1027 828 1089 semet
849 1023 953 1106 ipsum
968 1025 1008 1091 ad
1023 1024 1211 1091 desiderium
1226 1025 1424 1108 perfectionis
1441 1047 1453 1086 s

270 1127 478 1204 3acoendens,
506 1126 581 1191 dum
604 1127 736 1192 instruit
752 1127 937 1194 auditorem.
970 1131 1171 1211 quamobrem
1201 1134 1307 1195 uester
1336 1128 1424 1194 ardor

298 1249 387 1295 meus
419 1229 578 1313 profectus
613 1232 670 1313 est,
704 1232 811 1297 uestra
843 1231 1020 1297 sollicitudo
1054 1250 1125 1297 mea
1152 1232 1341 1315 conpunctio
1370 1234 1424 1297 cst

299 1352 372 1397 nam
407 1334 516 1415 utique
544 1337 577 1398 et
603 1333 670 1417 ipse
697 1352 782 1399 nuno
809 1335 915 1399 mente
944 1338 1100 1418 torporem
1127 1335 1270 1418 nihilque
1301 1334 1335 1399 in
1358 1353 1423 1400 meo

298 1436 386 1501 corde
410 1438 448 1503 de
470 1438 519 1502 his
542 1454 621 1519 quae
644 1435 805 1519 expetistis
826 1440 1040 1519 retractarem,
1063 1439 1126 1503 nisi
1149 1458 1199 1505 me
1214 1442 1321 1505 nastm
1335 1442 1424 1505 ardor

297 1545 390 1623 atque
413 1542 585 1625 expectatio
608 1540 647 1605 ad
670 1542 914 1609 recordationem
939 1561 1046 1609 rerum
1068 1543 1259 1625 spiritalium
1274 1542 1452 1608 excitaretis

298 1646 523 1727 quodammodo
556 1644 771 1713 dormientem.
811 1646 985 1711 etidcirco
1018 1646 1197 1729 proferatur
1225 1646 1259 1711 in
1286 1644 1423 1711 medium

297 1748 447 1829 quaestio,
485 1748 512 1811 si
548 1746 683 1825 uidetur,
722 1747 810 1812 cuius
847 1748 967 1830 pridem
1003 1766 1059 1832 pro
1092 1750 1238 1832 angustia
1274 1748 1423 1831 temporis

296 1850 525 1917 absolutionem
546 1850 772 1933 procrastinare
794 1851 974 1916 maluimus.
1065 1899 1069 1906 .

339 1970 381 2035 lI.
405 1972 473 2036 Hoc
495 1970 589 2049 onim,
611 1970 673 2035 nisi
695 1969 797 2055 fallor,
823 1970 985 2055 inquisitio
1005 1976 1113 2037 uestra
1128 1972 1278 2055 conplexa
1292 1974 1351 2054 est,
1369 1990 1422 2037 cur

296 2074 451 2139 interdum
473 2072 632 2139 remissius
656 2074 861 2139 incendentes
888 2073 1056 2139 lenioribus
1079 2074 1182 2139 carnis
1198 2075 1292 2140 huius
1307 2075 1451 2141 aculeius
1524 2091 1526 2116 ⁴

295 2174 462 2242 titillemur
498 2180 529 2241 et
566 2194 799 2261 nonnumquam
845 2176 1021 2242 districtius
1065 2176 1259 2243 abstinentes
1295 2177 1420 2243 adflicto

295 2278 505 2365 exhaustoque
535 2296 660 2363 corpore
689 2279 856 2346 incentiuis
885 2279 1056 2347 acrioribus
1086 2299 1283 2363 urgueamur,
1307 2280 1354 2345 ita
1376 2281 1419 2357 ut

294 2384 554 2466 quemadmodum
576 2382 727 2467 patefecit
750 2387 856 2449 uestra
872 2382 1032 2463 confessio,
1056 2382 1269 2468 expergefacti
1283 2384 1418 2467 repperi·
1525 2393 1526 2452 ξ

294 2506 383 2553 amus
406 2507 461 2554 nos
484 2506 628 2553 umorum
650 2488 846 2553 naturalium
870 2486 1026 2573 egestione
1049 2506 1215 2571 respersos.

336 2608 399 2675 Ill.
420 2608 524 2674 Huius
547 2626 619 2690 ergo
642 2608 853 2674 infestationis
875 2608 1036 2693 triplicem
1058 2626 1184 2673 caueam
1201 2606 1301 2671 nostri
1315 2604 1449 2688 prodi-ao

295 2714 366 2780 dere
393 2713 537 2793 maiores,
567 2732 645 2797 quae
666 2713 796 2779 modum
817 2716 969 2797 temporis
997 2713 1162 2779 constituti
1184 2709 1417 2799 intempestiuis

292 2817 451 2898 inrumpat
485 2816 667 2882 excessibus.
705 2819 762 2882 aut
790 2816 873 2882 enim
902 2814 1058 2901 superflua
1085 2834 1229 2881 escarum
1259 2813 1417 2879 nimietate
1524 2865 1525 2908 ἢ

216 2908 219 2913 ’
293 2920 469 3001 congeritur
491 2921 546 2985 aut
567 2937 622 3001 per
644 2918 799 2985 incuriam
820 2920 934 2983 mentis
957 2917 1093 2983 clabitur
1115 2922 1171 2982 aut
1193 2915 1314 2981 inimici
1336 2913 1417 2978 inlu·
1524 2939 1525 2942 ¹

292 3024 393 3091 dentis
427 3020 550 3087 insidiis
583 3021 779 3104 prouocatur.
816 3023 954 3106 primum
983 3021 1081 3105 igitur
1110 3020 1357 3103 gastrimargiae,
1387 3016 1415 3080 id

292 3128 340 3191 est
367 3125 548 3191 uoracitatis
578 3124 629 3191 uel
657 3124 751 3209 gulae
780 3124 895 3191 uitium
926 3123 1007 3190 hanc
1029 3123 1272 3190 redundantiam
1295 3116 1444 3188 omnus

292 3230 408 3295 umoris
432 3228 581 3294 extrudit.
615 3246 689 3295 nam
705 3229 737 3293 et
752 3247 823 3293 cnm
838 3228 1037 3295 districtioris
1053 3225 1263 3292 abstinentiae
1280 3230 1415 3307 ternpore

291 3334 409 3401 statum
438 3334 553 3417 polluit
581 3332 737 3417 puritatis
767 3352 829 3400 non
859 3333 898 3398 de
923 3336 1078 3417 praesenti
1102 3333 1137 3397 ut
1157 3331 1281 3413 putatis
1303 3328 1413 3407 inedia

340 3588 356 3641 1
379 3588 460 3642 etiam
479 3587 550 3641 nihil
562 3589 627 3655 (non
642 3586 674 3655 0)
693 3584 903 3654 indm->minuit
919 3586 1048 3656 largienti
1061 3586 1203 3656 (largiente
1217 3587 1264 3655 2¹)
1285 3586 1348 3656 θβυ

289 3672 306 3726 3
330 3672 393 3741 qnia
415 3672 520 3729 BFO¹=
550 3672 654 3727 lucrum
678 3672 748 3727 enim
775 3671 853 3741 O’do
953 3672 1143 3741 4proioctum
1166 3672 1208 3727 K*
1311 3672 1412 3740 dispan-

288 3758 435 3814 adoreo
520 3759 790 3827 compendiasumma
806 3774 858 3813 oar.
874 3758 914 3828 {io
1003 3760 1168 3827 8torporem
1178 3759 1254 3815 F¹0¹
1337 3758 1413 3811 tex·

287 3844 396 3915 petistis
416 3845 458 3899 B:
488 3845 613 3913 expetitis
635 3846 693 3901 rell.
802 3845 891 3899 feruor
917 3844 984 3914 Oflo
1094 3845 1127 3899 10
1148 3848 1264 3913 exspect.
1287 3845 1315 3899 B
1342 3859 1411 3913 sper·

286 3930 392 3999 tatioli
492 3932 637 3985 suscitaret
653 3931 751 4001 Foco
857 3932 888 3986 11
908 3930 1099 3986 dormitantem
1114 3931 1157 4000 pio
1260 3932 1293 3987 13
1309 3931 1411 3987 mollui-

287 4032 346 4071 mus
364 4016 392 4071 B
496 4017 529 4069 14
546 4018 573 4071 ni
591 4017 632 4087 βυ
730 4034 799 4088 quur
816 4017 869 4073 FO
967 4019 1000 4073 15
1017 4018 1168 4073 ieiunantes
1184 4018 1224 4088 lio
1320 4018 1351 4071 16
1368 4017 1410 4071 do

287 4102 409 4157 strictius
427 4101 479 4175 EO
582 4104 614 4157 17
633 4107 796 4173 sxauetoqnc
813 4104 906 4159 B¹FO
1008 4118 1152 4174 urgeamur
1168 4109 1195 4171 (e
1211 4106 1244 4159 ic
1259 4120 1312 4159 roa
1329 4121 1363 4160 or.
1381 4106 1409 4169 2)

286 4176 313 4242 Ζ
414 4187 448 4242 18
473 4188 606 4256 expergiti
633 4190 652 4259 β
756 4190 797 4243 lta
815 4190 952 4245 humorem
979 4188 1019 4242 Ι11
1053 4188 1194 4245 humorum
1223 4189 1344 4259 B'POd

284 4276 317 4328 al
341 4273 464 4328 instituti
489 4274 516 4327 Ζ
617 4273 651 4328 24
669 4275 873 4344 castrimargiae
890 4275 960 4330 ΒΚι
1062 4274 1098 4331 25
1115 4276 1180 4347 gula
1197 4277 1236 4331 Βι
1267 4276 1353 4345 geilae
1370 4276 1401 4331 F
1403 4286 1409 4312 ¹

288 4359 310 4415 O
390 4360 458 4413 uitio
476 4360 518 4413 K¹
606 4360 639 4414 26
657 4359 776 4415 humoris
797 4360 842 4430 Οβ
922 4378 982 4415 oum
1000 4362 1064 4431 etti
1144 4363 1263 4419 dertrioa
1279 4361 1343 4418 F¹O
