3092 4967
274 404 336 469 318
666 401 833 456 Iohannis
852 401 1010 455 Cassiani

274 592 411 657 mationa
447 590 631 657 concludens
668 609 786 673 nunc,
819 594 932 675 inquit,
969 597 1102 659 manet
1139 592 1260 668 lidos,
1295 612 1394 677 spes,

273 696 446 769 ceritas,
473 695 555 761 tria
573 695 687 761 ¹haec.
725 694 803 760 fides
831 714 965 780 namque
996 700 1045 761 est
1070 713 1149 778 quae
1170 698 1269 763 futuri
1291 696 1397 762 indicii

273 816 310 863 ac
340 797 562 881 suppliciorum
591 800 679 864 metu
708 800 857 863 uitiorum
880 800 957 864 iacit
982 800 1127 884 contagia
1149 798 1310 877 declinari,
1330 818 1398 882 spes

275 918 352 985 qnae
375 904 513 965 mentem
535 904 672 967 nostram
696 903 735 966 de
756 902 970 984 praesentibus
998 920 1132 968 anocans
1155 902 1319 969 uniuersae
1334 921 1397 968 cor·

252 1052 255 1059 -
274 1005 357 1087 poris
373 1002 552 1087 uoluptates
568 1004 748 1070 caelestium
764 1005 972 1088 praemiorum
986 1005 1201 1087 expectatione
1216 1006 1397 1082 contemnit,
1416 1028 1429 1065 s

274 1108 387 1175 caritas
417 1126 496 1191 qnae
525 1124 581 1172 nos
612 1110 651 1173 ad
673 1126 810 1173 amorem
838 1106 954 1174 Christi
977 1112 1010 1173 et
1031 1108 1221 1191 spiritalium
1243 1109 1397 1174 uirtutum

274 1212 413 1276 fructum
442 1211 556 1275 mentis
584 1214 692 1277 ardore
720 1212 918 1291 succendens
949 1212 1098 1295 quidquid
1119 1212 1186 1276 illis
1210 1214 1396 1277 eontrarium

274 1317 331 1392 est,
354 1316 421 1379 toto
444 1314 518 1379 iacit
540 1314 610 1379 odio
633 1314 794 1379 detestari.
832 1332 911 1397 quae
933 1315 996 1380 tria
1025 1314 1102 1379 licet
1125 1316 1165 1380 ad
1187 1335 1285 1382 unum
1308 1316 1398 1381 finem

275 1418 400 1482 tendere
429 1417 597 1483 uideantur
623 1420 807 1498 (prouocsnt
833 1418 918 1482 euim
941 1435 996 1482 noe
1020 1437 1038 1484 a
1060 1418 1153 1483 rebus
1177 1417 1310 1483 inlicitis
1332 1418 1397 1483 aba

275 1522 399 1603 tinere),
423 1520 549 1603 magnis
570 1521 676 1585 tamen
700 1521 901 1587 excellentiae
926 1541 1001 1587 suae
1022 1520 1172 1605 gradibus
1195 1523 1233 1587 ab
1264 1521 1428 1587 inuicemu

245 1624 482 1707 3disparantur.
525 1624 586 1688 duo
619 1641 751 1707 namque
785 1624 944 1708 superiora
975 1625 1098 1708 proprie
1130 1624 1294 1690 hominnm
1330 1630 1401 1691 sunt

275 1747 380 1793 eornm
404 1730 457 1811 qui
479 1728 518 1792 ad
540 1728 715 1811 profectum
738 1728 902 1793 tendentes
923 1729 1055 1793 necdum
1071 1727 1218 1794 affectum
1235 1747 1401 1811 concepere

275 1833 440 1909 uirtutum,
470 1832 598 1896 tertium
626 1832 804 1914 specialiter
836 1831 887 1896 dei
910 1833 959 1895 est
991 1836 1022 1896 et
1054 1850 1161 1897 eornm
1191 1834 1243 1915 qui
1273 1832 1307 1897 in
1337 1850 1400 1898 aeae

274 1934 444 2017 imaginem
467 1932 517 1997 dei
540 1952 576 1998 ac
599 1932 841 1998 similitudinem
857 1938 1048 2015 receperunt.
1080 1934 1136 1998 ille
1159 1952 1293 2018 namque
1315 1937 1399 2001 solue
1526 2005 1527 2020 2

275 2058 311 2103 ea
338 2055 416 2121 quae
446 2035 526 2100 bona
548 2039 621 2101 snut
650 2035 736 2100 nullo
765 2040 864 2115 metu,
893 2036 982 2101 nulla
1010 2036 1270 2102 remunerationis
1300 2039 1431 2121 gratian
1526 2027 1528 2113 l

274 2143 473 2223 prouocante,
498 2138 550 2202 scd
567 2138 630 2202 solo
647 2136 799 2203 bonitatis
822 2143 966 2219 operatur
988 2135 1113 2202 affectu.
1152 2139 1284 2206 omnia
1307 2142 1400 2217 enim,
1526 2117 1527 2138 ¹

274 2247 311 2310 ut
333 2246 378 2309 ait
402 2242 557 2319 Salomon,
591 2247 778 2323 operatus
807 2247 866 2305 est
888 2241 1068 2309 dominns
1093 2246 1254 2326 propter
1276 2250 1401 2307 semet

275 2350 414 2432 ipsum.
460 2363 533 2410 suae
570 2362 702 2428 namque
732 2343 883 2410 bonitatis
921 2346 1052 2411 obtentu
1088 2363 1211 2410 omnem
1250 2344 1400 2411 bonorum

275 2453 395 2535 copiam
418 2450 522 2534 dignis
545 2448 741 2531 indignisque
764 2447 906 2529 largitur,
937 2447 1011 2530 quia
1041 2468 1098 2515 nec
1123 2447 1253 2533 fatigari
1281 2449 1401 2514 iniuriis

275 2559 377 2640 potest
413 2571 470 2618 nec
507 2551 729 2633 iniquitatibus
774 2551 936 2616 hominum
981 2551 1176 2634 passibiliter
1219 2554 1432 2634 permoneriro
1526 2609 1528 2626 ,

275 2677 397 2739 semper
419 2656 540 2721 scilicet
562 2674 691 2719 manens
706 2655 847 2737 perfecta
867 2654 991 2719 bonitas
1007 2655 1265 2739 inmutabilisqne
1280 2659 1400 2721 natura.

319 2760 389 2827 Vll.
419 2759 453 2825 si
480 2761 549 2842 quis
577 2758 676 2840 igitur
704 2758 744 2822 ad
772 2757 995 2841 perfectionem
1025 2758 1137 2838 tendit,
1165 2758 1203 2822 de
1224 2759 1280 2828 illo
1302 2758 1400 2843 primo

276 2864 399 2932 timoris
429 2863 529 2948 gradu
558 2881 649 2944 quem
677 2862 800 2944 proprie
830 2862 966 2927 diximus
996 2881 1063 2927 esse
1091 2862 1248 2939 seruilem,
1278 2862 1315 2932 de
1342 2880 1401 2945 quo

276 2970 405 3037 dicitm:
435 2985 518 3032 curn
544 2967 672 3030 omnia
695 2967 898 3050 feceritis,
927 2966 1069 3031 dicite:
1100 2966 1192 3047 quia
1215 2966 1324 3031 serni
1344 2966 1400 3032 in·

275 3072 402 3139 utiles
425 3088 570 3154 sumus,
594 3071 633 3135 ad
656 3070 802 3136 altiorem
825 3072 891 3154 spei
919 3070 1079 3135 tramitem
1103 3068 1202 3153 gradu
1225 3066 1434 3152 proficientes
1526 3081 1528 3094 ³

276 3176 468 3255 conscendet,
498 3175 552 3257 qui
580 3176 644 3239 iam
674 3193 734 3239 non
764 3192 862 3257 seruo,
892 3176 945 3239 sed
972 3174 1183 3240 mercennario
1206 3173 1400 3253 conparatur,

276 3282 349 3365 quia
372 3280 544 3345 mercedem
565 3278 783 3344 retributionis
808 3280 952 3361 expectat
975 3284 1007 3342 et
1030 3278 1120 3361 qnasi
1142 3276 1179 3341 de
1202 3278 1398 3358 peccatorum

276 3386 473 3451 absolutione
494 3387 526 3449 et
548 3382 668 3466 poenali
693 3384 807 3447 timore
827 3400 953 3447 securus
975 3400 1012 3447 ac
1034 3380 1184 3445 bonorum
1202 3378 1261 3443 eibi
1276 3395 1399 3460 opernm

276 3487 426 3571 conscius,
454 3487 529 3552 licet
556 3482 670 3569 placiti
691 3486 865 3565 praemium
891 3484 1037 3549 uideatur
1059 3492 1211 3566 expetere,
1236 3488 1338 3545 tamen
1361 3478 1399 3542 ad

274 3593 422 3658 allectum
452 3590 544 3654 illum
572 3588 641 3671 filii,
667 3589 721 3670 qni
744 3590 783 3652 de
805 3589 952 3670 paternae
974 3586 1189 3671 indulgentiae
1212 3583 1434 3651 liberalitates
1526 3651 1527 3654 ,

379 3760 507 3817 lICcr·
527 3760 567 3824 13,
586 3760 619 3813 13
725 3759 757 3813 16
775 3757 852 3812 Prur.
873 3758 949 3823 16,4
1051 3756 1166 3811 adnuo.
1186 3756 1228 3820 17,
1248 3755 1282 3809 10

328 3923 343 3975 1
361 3918 458 3989 inquid
474 3918 505 3970 11
599 3917 710 3969 manent
726 3914 756 3968 H
760 3916 820 3969 ’Pa
917 3914 934 3968 2
952 3915 980 3967 et
996 3914 1097 3967 caritas
1114 3912 1140 3965 0
1236 3910 1254 3964 3
1271 3907 1400 3964 declinare

276 4012 301 4061 Τ
400 4008 417 4061 5
435 4020 507 4075 exsp.
523 4004 554 4056 Π
643 4003 813 4070 contempnit
828 4002 859 4055 Π
959 4000 976 4055 6
993 4000 1097 4055 karitas
1115 3998 1141 4053 Ο
1243 3997 1259 4050 ‘l
1277 3993 1399 4066 quidqnit

275 4096 304 4148 Σ
332 4092 460 4165 quicquid
476 4089 572 4145 H¹YO
667 4089 710 4143 illi
729 4088 754 4141 Ο
856 4087 987 4142 Stactari
1004 4087 1033 4138 Σ
1137 4085 1168 4138 11
1186 4085 1358 4152 amantur
1372 4078 1401 4130 Π

275 4177 499 4252 dispatranturO
586 4176 620 4231 13
632 4176 700 4231 seli
790 4172 1115 4231 lbrcmnneraticneaIP¹
1199 4164 1399 4228 resarcinant

276 4268 403 4339 (ponam)
429 4264 549 4320 solomon
562 4264 601 4319 ²³¹
685 4261 716 4316 18
727 4276 775 4315 sno
788 4260 814 4314 0
894 4258 1137 4315 20commcnsrii'
1214 4255 1338 4311 aavrr

275 4354 309 4409 23
327 4356 438 4409 timores
449 4352 498 4407 ,11¹
551 4378 553 4383 ·
603 4349 637 4406 29
654 4347 761 4402 uidetur
779 4346 805 4399 0
