3092 4967
507 452 667 531 (l'onlctio
687 474 776 539 XXII,
794 476 871 529 3-5.
1186 477 1251 543 619

123 684 213 732 nosse
243 665 391 731 debemus
420 682 482 731 non
510 666 625 730 idcireo
654 682 708 730 nos
738 670 863 730 tentum
890 668 929 731 ab
957 682 1139 749 unoquoque
1168 667 1249 732 uitio

124 772 236 837 debere
266 771 401 853 purgari,
433 771 506 852 quia
532 770 597 834 suis
626 769 914 851 perturbationibus
948 772 1089 834 nostrum
1119 776 1249 853 occupet
1352 827 1354 830 .

123 892 259 953 sensum,
287 876 341 940 sed
369 874 444 957 quia
474 890 532 938 non
563 878 743 939 contentum
772 875 817 938 sit
843 875 945 939 solum
976 874 1092 958 absque
1116 874 1249 940 aliorum

123 980 277 1045 consortio
306 976 467 1051 dominari,
496 978 550 1041 sed
579 977 759 1041 intromisso
787 982 927 1041 omnium
956 980 1105 1043 uitiorum
1138 978 1249 1043 diriore

104 1081 254 1164 ecollegio
277 1080 434 1145 subditam
457 1079 518 1144 sibi
533 1082 671 1144 mentem
687 1081 901 1162 multiplicata
915 1081 1104 1164 captiuitate
1119 1082 1249 1165 popule·

122 1186 185 1249 tur.
209 1188 241 1248 et
256 1182 372 1249 idcireo
387 1181 610 1265 gastrimargia
624 1181 778 1247 uincenda
793 1187 842 1247 ast
857 1200 919 1247 non
930 1185 1057 1267 propter
1068 1202 1100 1248 se
1111 1186 1248 1267 tantum,

122 1308 161 1353 ne
186 1287 309 1351 scilieet
329 1304 458 1351 onerosa
481 1303 535 1349 nos
558 1286 732 1351 uoraoitate
755 1288 952 1369 corrumpet,
978 1304 1036 1351 neo
1051 1292 1176 1371 propter
1192 1289 1250 1353 hoc

122 1392 235 1467 solum,
260 1408 297 1455 ne
319 1388 451 1455 carnalis
475 1388 741 1471 concupiscentiae
764 1406 820 1453 nos
843 1389 917 1473 igne
938 1389 1114 1468 succendat,
1140 1391 1195 1456 sed
1212 1412 1249 1457 ne

123 1492 221 1558 etiam
258 1492 434 1557 iracundiae
472 1492 523 1556 uel
558 1492 672 1556 furoris
706 1494 800 1573 atque
832 1492 982 1557 tristitiae
1015 1492 1249 1577 ceterarumque

91 1596 266 1661 nomnium
289 1595 467 1677 passionum
491 1596 586 1659 faciat
613 1612 678 1659 esse
702 1594 866 1677 mancipia
900 1612 973 1660 nam
989 1612 1061 1660 oum
1076 1595 1167 1661 nobis
1182 1595 1278 1663 esca8

124 1719 162 1765 ac
189 1702 281 1783 potus
306 1700 357 1764 uel
380 1700 483 1763 minus
513 1698 565 1763 uel
587 1698 705 1763 tardius
728 1698 781 1762 nel
804 1698 1017 1782 neglegentius
1039 1700 1248 1782 ministratur,

124 1806 153 1868 si
185 1804 278 1889 gulse
306 1804 517 1867 dominatione
551 1802 762 1883 deprimimur,
792 1818 982 1885 consequens
1010 1807 1058 1869 est
1090 1808 1126 1867 ut
1154 1804 1249 1870 etiam

124 1906 307 1971 iracundiae
331 1906 469 1970 stimulis
492 1906 666 1969 incitemur.
705 1910 735 1969 et
751 1924 860 1970 rursus
875 1904 1073 1988 uoluptncsis
1087 1906 1249 1991 saporibus

122 2010 295 2077 demulceri
325 2008 441 2091 absque
468 2008 648 2092 lilargyriae
677 2011 765 2090 peste
794 2028 852 2073 non
882 2027 1053 2091 possumus,
1080 2011 1249 2093 peronius

91 2112 296 2195 reeuperlluos
325 2114 491 2194 adparatus
520 2110 642 2195 magnis
671 2111 794 2175 luxuria
821 2112 938 2195 gaudet
963 2111 1127 2193 inpendiis.
1164 2112 1250 2179 filar-

122 2217 215 2300 gyria
244 2233 327 2298 uero,
357 2213 525 2279 cenodoxia
555 2216 648 2295 atque
678 2214 823 2295 snperbia
854 2218 886 2277 et
915 2214 1056 2279 omnium
1079 2214 1249 2281 multitudo

123 2320 275 2385 uitiorum
299 2319 461 2384 indiuidua
476 2320 622 2383 societate
638 2318 822 2400 iunguntur,
839 2321 932 2399 atque
947 2319 992 2383 ita
1008 2319 1249 2403 unumquodque

122 2422 250 2499 uitium,
280 2420 306 2485 si
336 2421 442 2504 uigere
472 2420 504 2485 in
535 2419 625 2485 nobis
655 2420 707 2484 uel
729 2420 830 2485 solum
852 2421 996 2503 coeperit,
1020 2422 1117 2486 etiam
1138 2423 1250 2487 ceteris

122 2524 269 2609 subgen‘t
291 2526 491 2590 incrementa.

90 2675 114 2714 n
167 2644 245 2711 1111.
269 2662 467 2711 cnemnsws:
499 2645 737 2726 Dispensatione
759 2644 810 2709 dei
833 2643 987 2710 credimus
1008 2645 1087 2710 hano
1111 2647 1248 2727 quaesti-

123 2768 216 2813 onem
245 2748 277 2812 in
307 2748 443 2814 medium
473 2748 569 2814 fuisse
597 2747 763 2832 prolatam,
792 2750 829 2813 ut
850 2748 940 2824 illud,
963 2750 1044 2831 quod
1066 2749 1251 2815 uerecundia

122 2852 338 2934 interrogandi
369 2851 512 2917 fiduciam
543 2851 707 2918 cohibente
737 2870 907 2934 numquam
936 2853 1094 2935 potuimus
1121 2854 1248 2936 edoceri,

122 2972 210 3019 nuno
232 2956 442 3037 oportunitate
458 2954 650 3020 conlationis⁴
669 2973 840 3037 causaeque
856 2956 954 3038 ipsius
969 2956 1077 3021 ordine
1090 2958 1248 3040 prouocati

123 3056 279 3123 sciscitari
313 3056 502 3123 fiducialiter
534 3058 713 3124 audeamus.
751 3058 779 3123 si
813 3060 910 3142 igitur
939 3078 973 3123 eo
1005 3062 1171 3142 tempore,¹
1189 3077 1249 3142 quo

91 3160 232 3232 anacoedi
255 3164 375 3243 oportet
398 3162 437 3226 ad
459 3166 656 3228 sacrosancta
670 3164 830 3246 mysteria,
861 3162 1050 3228 senserimus
1065 3180 1120 3226 nos
1135 3161 1250 3227 somnii

124 3264 281 3329 inlusione
308 3262 454 3347 pollutos,
485 3266 709 3347 praesumenda
739 3268 787 3331 est
813 3284 852 3330 an
875 3264 1004 3330 uitanda
1025 3264 1081 3329 illa
1102 3262 1249 3328 salutaris

124 3384 214 3433 esoce
232 3368 427 3432 sacrosancta
450 3368 629 3450 perceptio?

171 3486 208 3553 V.
232 3505 405 3553 renones:
429 3488 523 3555 Omni
546 3490 670 3572 quidem
686 3490 850 3566 industria,
872 3492 1024 3570 quantum
1040 3490 1072 3553 in
1088 3488 1175 3553 nobis
1192 3490 1249 3569 est,

177 3778 352 3845 toccupont
380 3776 468 3832 ΒΕΘι
585 3777 765 3845 dduplicato
791 3776 850 3833 BF
962 3778 1198 3846 tigrsstimcrgia
1223 3777 1254 3830 F

126 3862 318 3929 castrimargia
336 3862 417 3917 B²K¹
520 3860 682 3917 lhonerosa
700 3862 752 3919 ΒΟ
854 3863 975 3931 llodque
991 3863 1018 3916 B
1116 3866 1147 3917 ll
1167 3863 1252 3931 negli-

125 3949 236 4018 gentius
263 3948 313 4017 Fe
439 3949 471 4001 12
498 3948 586 4015 gaitae
612 3948 677 4005 F¹O
796 3948 975 4017 deprimemur
1000 3949 1031 4003 F
1057 3948 1251 4017 depmemimur

126 4036 167 4091 11¹
282 4034 314 4089 14
340 4034 487 4103 filargiriae
514 4035 566 4090 ΒΟ
599 4035 754 4105 pilargiriae
780 4035 810 4089 F
920 4036 951 4088 15
978 4038 1119 4105 apparatos
1145 4035 1182 4089 Β·

126 4154 231 4209 luxoria
259 4154 327 4207 B¹Z
358 4154 462 4223 luxurie
491 4154 514 4210 O
616 4127 762 4222 filargiriae
789 4154 816 4207 B
850 4154 984 4222 filargiria
1009 4154 1040 4209 F
1071 4154 1201 4221 filargirie
1229 4154 1253 4209 0

127 4239 279 4309 tilargyriae
306 4238 347 4293 Κ1
450 4240 483 4293 16
512 4240 666 4293 cenodoxiae
693 4246 773 4307 atque
799 4238 938 4306 superbiae
964 4239 1004 4292 B¹
1106 4238 1139 4291 17
1166 4238 1253 4306 adque

127 4326 154 4379 B
260 4326 292 4379 19
315 4322 438 4395 snbgcrit
457 4325 493 4381 0:
523 4326 646 4395 suggerit
662 4326 720 4380 rell.
822 4325 856 4379 21
881 4325 1010 4393 ωοᾰὶοβ
1109 4326 1144 4378 24
1165 4340 1252 4393 quoue

127 4413 164 4467 Βι
271 4410 304 4465 25
321 4410 484 4467 misteriaO
586 4412 671 4464 somni
689 4411 742 4466 ΒΟ
