3092 4967
270 458 336 527 146
665 452 830 510 Iohannis
848 452 1006 510 Cassiani

315 647 385 715 XX.
409 645 512 713 Huius
533 644 684 730 passionis
706 643 816 729 figura,
839 662 902 727 qua
923 661 1050 711 necesse
1073 642 1121 709 eat
1141 642 1285 726 quamuis
1307 640 1399 725 spiri·

270 751 374 817 talem
402 768 622 833 summumque
650 748 836 816 monachum
865 747 1009 825 coartari
1034 748 1158 831 proprie
1179 744 1257 813 satia
1279 744 1399 828 aquilae

273 852 482 920 similitudine
511 852 704 938 designatur.
747 868 921 941 quaecum
952 848 1161 916 excelsissimo
1186 848 1297 916 uolatu
1317 847 1401 913 ultra

272 955 407 1023 nubium
421 956 517 1021 fuerit
531 956 712 1022 altitudines
725 954 897 1022 sublimata
912 970 1038 1036 seseque
1051 952 1091 1019 ab
1104 952 1201 1020 oculis
1217 954 1402 1019 cunctorum

274 1058 457 1125 mortalium
479 1078 517 1125 ac
537 1058 617 1126 facie
639 1062 742 1124 terrae
755 1057 858 1125 totius
871 1057 1076 1135 absconderit,
1092 1073 1198 1122 emaus
1212 1055 1253 1121 ad
1268 1054 1431 1121 ualbuma
1523 1074 1526 1124 o

272 1162 339 1229 ima
358 1162 507 1229 submitti
529 1164 561 1227 et
580 1164 621 1229 ad
642 1162 767 1227 terrem
788 1160 971 1227 descendere
993 1179 1030 1225 ac
1051 1159 1227 1226 morticinis
1242 1160 1400 1227 cadaueri·

274 1265 333 1331 bus
364 1266 511 1350 inplicari
543 1266 664 1333 uentris
696 1265 883 1331 nummilate
915 1264 1111 1348 conpellitur.
1153 1262 1266 1347 quibus
1300 1262 1401 1329 maui-

272 1368 442 1436 festissime
464 1370 673 1453 conprobatur
686 1368 927 1453 gastrimargiae
942 1367 1088 1450 spiritum
1103 1383 1300 1449 naquaquam
1313 1384 1402 1451 porte

273 1473 312 1539 ut
339 1475 444 1540 cetera
472 1472 552 1539 uitia
575 1472 708 1539 resecari
731 1472 783 1537 uel
804 1488 859 1556 per
881 1471 986 1537 omnia
1008 1469 1155 1536 similitor
1176 1470 1325 1553 extingui,
1348 1470 1403 1535 aed

273 1576 396 1643 aculeos
411 1578 477 1642 eius
492 1593 530 1641 ac
543 1574 713 1658 superfluos
728 1574 886 1659 adpetitus
902 1576 1021 1641 uirtute
1035 1572 1132 1639 animi
1142 1574 1266 1641 retundi
1276 1573 1432 1640 tantumn

276 1681 370 1763 atque
392 1678 538 1747 cohiberi.

315 1817 403 1883 XXI.
418 1818 501 1883 Nam
512 1816 605 1883 huius
619 1817 691 1884 uitii
704 1818 851 1883 naturam
862 1815 991 1900 quidam
1002 1834 1112 1882 senum
1125 1833 1197 1882 oum
1207 1814 1403 1900 pbilosophis
1528 1772 1529 1823 ³

276 1920 450 2005 disputans,
473 1918 527 2003 qui
550 1938 699 2005 cumpro
721 1919 926 2004 simplicitate
947 1918 1123 1986 Christiana
1145 1919 1233 1985 uelut
1248 1917 1403 1984 mabsam

273 2023 431 2090 crederent
463 2022 669 2107 fatigandum,
703 2023 761 2089 sub
795 2024 853 2088 boc
885 2022 1089 2106 problematis
1128 2022 1267 2107 figurans
1301 2022 1402 2088 colore

273 2126 434 2212 eleganter
461 2129 631 2211 expressitz
662 2127 784 2205 multis,
813 2126 928 2209 inquit,
961 2126 1166 2194 creditoribus
1195 2124 1284 2211 pater
1314 2142 1435 2190 menso

274 2247 326 2295 me
348 2232 516 2315 dereliquit
537 2232 714 2298 obnoxium.
753 2230 863 2296 ceteris
885 2234 924 2298 ad
940 2231 1099 2315 integrum
1121 2232 1246 2297 soluens
1261 2229 1301 2296 ab
1318 2228 1404 2295 omni

272 2335 488 2401 conuentionis
521 2354 627 2401 eorum
659 2334 805 2402 molestia
833 2335 985 2401 liberatus
1018 2354 1098 2415 anm,
1132 2334 1187 2401 uni
1223 2331 1404 2400 satisfacere

242 2437 387 2505 2cotidie
408 2441 555 2506 soluendo
573 2457 634 2505 uou
649 2456 787 2521 possum.
814 2456 947 2521 cumque
968 2439 1016 2505 illi
1039 2438 1220 2523 ignorantes
1242 2434 1309 2502 uim
1331 2453 1403 2519 pro·

271 2542 390 2623 positae
425 2544 615 2626 quaestionis
651 2542 878 2609 absolutionem
922 2540 989 2608 eius
1026 2543 1163 2627 precario
1199 2541 1403 2626 postularent,

272 2642 394 2723 multis,
428 2645 483 2725 ait,
516 2643 605 2711 uitiis
637 2645 684 2710 fui
727 2646 865 2712 naturali
897 2644 1074 2712 condicione
1108 2645 1306 2713 constrictus.
1348 2641 1435 2709 seda

271 2745 443 2830 inspirante
465 2748 590 2815 domino
612 2750 802 2815 desiderium
830 2751 986 2817 libertatis
1008 2750 1130 2816 cunctis
1152 2749 1218 2816 illis
1240 2752 1404 2832 tamquam

273 2850 501 2917 molestissimis
531 2852 735 2919 creditoribus
764 2856 948 2921 renuntians
978 2854 1050 2920 huic
1078 2853 1195 2920 mundo
1222 2854 1255 2917 et
1276 2868 1404 2916 omnem

272 2952 487 3021 substantiam
519 2975 598 3041 quae
631 2956 711 3023 mibi
743 2959 939 3024 successione
973 2959 1071 3042 patris
1108 2956 1275 3025 obuenerat
1304 2974 1324 3021 a
1353 2971 1403 3019 me

271 3056 390 3138 pariter
405 3057 541 3124 abiciens
555 3060 694 3127 satisfeci
709 3061 803 3143 atque
819 3061 858 3126 ab
873 3062 917 3125 eis
934 3079 1003 3127 sum
1017 3060 1204 3128 omnimodis
1220 3059 1402 3125 absolutus:

242 3158 509 3247 dgastrimargiae
531 3181 605 3229 uero
627 3164 765 3230 cumulis
788 3163 875 3229 nullo
897 3164 989 3230 modo
1012 3181 1117 3231 carere
1138 3161 1313 3247 praeualui.
1343 3176 1438 3226 necte

273 3262 357 3327 euim
385 3265 530 3347 quamuis
560 3285 631 3331 eam
658 3268 693 3332 in
721 3286 856 3352 paruum
885 3270 1012 3334 modum
1042 3267 1290 3351 uilissimamque
1312 3266 1399 3332 rede·

272 3366 374 3450 gerim
402 3369 622 3455 quantitatem,
652 3372 721 3436 uim
748 3370 922 3438 cotidianae
956 3372 1167 3454 conpulsionis
1204 3368 1311 3448 euado,
1346 3366 1400 3435 sed

273 3486 400 3535 necesse
429 3473 477 3538 eat
505 3492 557 3537 me
584 3475 742 3557 perpetuis
774 3474 840 3540 eius
871 3474 1129 3542 conuentionibus
1157 3474 1340 3558 perurgueri
1369 3472 1400 3537 et

272 3570 538 3640 interminabilem
561 3579 717 3660 quandam
738 3578 927 3645 solutionem
956 3578 1023 3661 iugi
1046 3577 1206 3645 functione
1228 3575 1399 3661 dependere

321 3793 545 3852 concessuros
571 3772 745 3866 protenso
832 3797 974 3853 esnmros
986 3797 1016 3851 n
1102 3796 1252 3851 oaeneon
1270 3796 1333 3853 wi>

272 3878 459 3935 inecieaitate
479 3881 507 3936 V
586 3883 746 3937 9resectari
769 3884 816 3940 W¹
913 3884 948 3939 10
963 3882 1113 3953 superfluus
1131 3881 1166 3937 V¹
1265 3884 1299 3939 11
1317 3884 1404 3954 adque

275 3963 328 4018 VP
430 3966 464 4020 12
479 3966 633 4027 filoaotlsO
648 3970 775 4038 (poemat)
872 3970 903 4025 15
921 3970 1098 4040 expraesitV
1192 3968 1287 4039 inquid
1309 3970 1408 4029 VDW
1530 4024 1531 4031 ,

273 4048 325 4105 ΟΡ
432 4052 467 4106 16
492 4052 638 4123 dereliquid
667 4054 759 4113 VWP
861 4056 970 4112 sulueus
1000 4057 1034 4113 V¹
1138 4056 1176 4126 111
1204 4056 1403 4127 conuentionis]
1530 4043 1531 4101 i

271 4136 495 4193 mmo-datione
513 4142 540 4205 (o
556 4141 589 4194 ic
605 4156 661 4197 rec.
678 4144 699 4196 2
715 4142 779 4211 uto.)
801 4142 838 4199 W
936 4144 1049 4199 molesta
1069 4146 1118 4200 W’
1222 4144 1256 4197 18
1272 4142 1405 4199 cottidiae

277 4220 318 4277 W
340 4222 451 4300 cottidie
471 4224 525 4281 ΟΧ
624 4226 659 4281 20
683 4228 837 4283 conditione
861 4228 963 4289 DWX
1065 4228 1099 4285 23
1122 4229 1260 4284 obuenerit
1281 4228 1317 4285 V¹
1530 4228 1531 4297 ζ

270 4306 307 4361 24
323 4308 409 4379 eoquo
429 4310 505 4367 sor
597 4313 775 4381 seponunt
792 4314 830 4368 n¹
925 4316 959 4371 aa
977 4316 1121 4387 redigerin
1139 4316 1301 4373 n¹oos=x¹
1331 4318 1406 4373 raes·
1530 4300 1531 4395 i

271 4409 363 4461 geram
385 4395 431 4452 W¹
533 4398 567 4453 21
585 4398 680 4455 cottid.
705 4400 770 4456 WX
947 4392 950 4398 ’
