3092 4967
449 444 608 499 conlatio
629 445 720 511 XVII,
737 445 848 501 17-18.
1149 447 1213 514 477

95 635 215 700 tametsi
245 631 421 699 hominibus
450 636 564 700 durum
593 635 687 718 atqua
716 636 861 720 iniquum
891 653 957 701 esse
982 639 1135 720 uideatur,
1158 638 1213 704 ille

95 744 189 804 tamen
225 738 372 803 intimam
410 738 512 802 cordis
547 737 718 820 inspiciens
757 739 909 820 pietatem
947 757 1008 805 nou
1044 743 1214 806 uerborum

94 859 206 918 onum,
236 842 291 906 sed
321 843 429 906 uotum
459 840 610 906 diiudicat
639 841 821 917 uoluntatis,
853 841 928 924 quia
956 842 1028 908 huis
1057 845 1158 925 operis
1181 845 1212 910 et

17 1005 18 1037 ᾖ
94 945 229 1010 adiectus
258 945 498 1010 considerandus
527 947 576 1010 eet
605 943 827 1028 perpetrantis,
854 961 915 1027 quo
944 947 1047 1028 potest
1073 947 1151 1032 quie,
1177 948 1212 1012 ut

17 1042 18 1118 ξ
78 1047 322 1130 supradictum
344 1049 400 1122 est,
424 1047 519 1112 etiam
542 1065 597 1128 per
619 1048 815 1112 mendacium
837 1047 1001 1114 iustificari
1016 1050 1048 1114 et
1061 1049 1143 1114 alius
1158 1067 1212 1131 per

17 1146 18 1151 ’
93 1151 233 1215 ueritatis
265 1149 471 1214 adsertionem
505 1151 669 1231 peecatum
706 1153 872 1232 perpetuae
906 1152 1016 1216 mortis
1047 1150 1211 1218 incurrere.

93 1256 126 1318 ad
154 1271 250 1337 quem
279 1251 372 1318 linem
401 1252 497 1317 etiam
527 1251 618 1316 Iacob
650 1253 828 1334 patriarche
856 1255 1022 1335 respiciens
1055 1254 1212 1338 hispidam

93 1355 218 1422 interni
251 1358 387 1437 corporis
419 1355 554 1438 speciem
588 1357 787 1422 obuolutioue
820 1355 951 1440 pellium
978 1358 1125 1423 simulare
1150 1376 1213 1424 non

92 1460 195 1526 timuit
222 1461 253 1524 et
274 1457 438 1542 instiganti
460 1459 499 1524 ad
521 1459 580 1524 hoo
601 1460 799 1524 mendacium
821 1459 916 1526 matri
939 1460 1138 1526 laudabiliter
1160 1460 1213 1525 ad-

66 1561 219 1644 requierit.
256 1561 385 1627 uidebat
406 1563 491 1626 euim
513 1580 551 1626 er
579 1563 639 1627 hoe
659 1563 778 1628 maiora
799 1563 859 1629 sihi
882 1565 970 1630 luera
992 1563 1243 1635 oenedctionisu

92 1669 182 1748 atque
205 1666 344 1732 iustitiae
357 1683 449 1749 quam
472 1685 528 1748 per
542 1666 758 1749 simplicitatis
771 1665 1003 1734 obseruantiam
1018 1667 1211 1733 conferenda.

92 1783 148 1834 uon
184 1769 269 1834 enim
302 1769 470 1836 dubitabat
506 1770 660 1835 mendacii
692 1770 785 1836 huius
822 1773 977 1838 maculam
1012 1771 1214 1837 inundatione

91 1877 239 1955 paternae
261 1871 482 1938 benedictionis
503 1873 645 1953 protinus
671 1873 858 1940 abluendam
882 1878 913 1939 et
929 1873 1017 1939 uelut
1032 1873 1214 1940 uuhiculam

93 1978 244 2056 quandam
277 1975 354 2040 datu
388 1976 487 2040 sancti
519 1975 649 2057 spiritus
680 1977 832 2041 uelociter
860 1978 1093 2053 absumendam,
1121 1982 1214 2060 atquo

65 2079 233 2143 rsuheriora
255 2077 316 2143 sihi
337 2097 393 2162 per
415 2078 497 2144 hauc
525 2078 758 2145 adlectatieiam
788 2081 1019 2146 simulationem
1042 2098 1136 2164 quam
1159 2099 1214 2163 per

92 2182 178 2246 illam
201 2181 373 2263 ingenitam
395 2183 562 2247 ueritatem
583 2185 765 2248 meritorum
787 2185 923 2266 praemia
944 2184 1136 2250 eonferenda

131 2283 252 2351 XVIII.
281 2301 481 2350 cusnsuvs:
510 2284 582 2350 Nou
611 2287 727 2350 mirum
758 2287 808 2351 est
834 2284 889 2352 hae
910 2285 1157 2368 dispensationes
1180 2287 1213 2351 in

93 2389 188 2452 ueteri
210 2388 399 2454 testamento
422 2386 627 2470 probabiliter
650 2392 814 2470 usurpatae
829 2407 865 2454 ao
881 2405 1113 2471 nonnumquam
1126 2390 1212 2461 uiros

91 2495 213 2558 sanetus
235 2490 437 2558 laudabiliter
461 2491 514 2556 uel
536 2491 620 2556 certe
641 2490 842 2557 ueniabiliter
856 2491 951 2558 fuisse
966 2493 1124 2572 mentitos,
1141 2511 1213 2558 eum

64 2595 191 2660 omulto
211 2597 329 2660 maiora
350 2595 395 2660 eis
417 2611 472 2676 pro
494 2598 671 2678 temporum
684 2595 871 2660 rudimentis
892 2596 1017 2661 licuisse
1039 2594 1213 2662 uideamus.

92 2717 145 2764 cur
165 2700 248 2764 euim
269 2697 385 2764 mirum
407 2697 460 2772 sit,
490 2696 572 2779 quod
593 2698 702 2764 heatus
725 2697 827 2764 Dauid
850 2699 971 2783 lugims
995 2698 1122 2766 Saulem
1143 2717 1213 2782 per·

93 2800 230 2867 contenti
243 2799 428 2866 abimelech
443 2799 593 2867 sacerdoti
609 2805 703 2884 atque
723 2801 857 2868 dicenti:
884 2819 1003 2884 quare
1025 2807 1067 2868 tu
1089 2804 1212 2882 solus,

95 2906 133 2966 et
164 2902 300 2970 nullus
330 2907 390 2969 est
418 2906 574 2970 tecum?
601 2903 648 2970 ita
669 2906 843 2987 respoudit:
865 2924 948 2986 rex,
971 2906 1082 2989 iuquit,
1106 2924 1212 2990 prae·

94 3007 195 3086 oepit
225 3005 326 3072 mihi
356 3023 586 3086 sermonem,
619 3007 658 3072 et
688 3007 807 3074 dixit:
840 3027 954 3074 nemo
983 3008 1086 3074 sciat
1118 3027 1212 3084 rem,

62 3109 257 3190 ecprcpcer
278 3125 391 3191 quam
413 3108 557 3176 missus
586 3128 639 3176 es:
666 3128 754 3176 nam
776 3113 817 3176 et
837 3112 973 3194 pueris
994 3112 1152 3177 condixi
1174 3111 1214 3175 in

93 3209 205 3277 illum
239 3213 278 3277 et
308 3211 426 3278 illum
462 3213 603 3294 locum,
634 3214 668 3278 et
697 3213 832 3280 iternmr
864 3215 897 3280 si
929 3215 1045 3282 habes
1078 3215 1141 3280 hie
1170 3215 1213 3280 sd

94 3332 240 3380 manum
263 3315 429 3394 hastam,
451 3321 519 3383 aut
542 3317 739 3400 gladium?
764 3320 855 3400 quia
875 3318 1048 3402 gladium
1071 3337 1213 3399 meum,

94 3422 134 3480 et
160 3435 267 3485 arma
294 3437 376 3484 mea
407 3437 480 3486 non
511 3420 587 3487 tuli
619 3435 776 3486 mecum.
815 3439 940 3487 sermo
973 3421 1077 3486 euim
1108 3423 1213 3505 regis

193 3562 433 3634 wilegam
535 3566 684 3620 aeica
786 3565 933 3621 aet.ce

145 3692 281 3748 linteum
298 3693 324 3747 0
408 3693 427 3747 2
442 3693 540 3748 intima
553 3694 584 3745 Π
587 3696 613 3747 P
695 3695 798 3765 pietate
815 3697 841 3747 Τ
923 3695 941 3749 11
958 3693 1093 3750 deiudioat
1109 3695 1148 3746 Π·

96 3773 238 3833 dedoctus
254 3777 282 3830 Y
372 3782 461 3848 potest
477 3779 547 3850 quie]
566 3783 712 3850 potuerunt
729 3781 838 3850 quidam
857 3780 966 3836 nuos
1060 3781 1143 3836 balii
1160 3782 1219 3834 ΠΤ

97 3859 144 3917 Oe
242 3865 260 3920 8
277 3863 475 3920 obuolutiouem
493 3865 523 3916 Π
625 3866 658 3922 12
675 3865 813 3922 dubitabit
829 3867 868 3918 11¹
971 3867 1004 3920 13
1027 3867 1108 3922 uelud
1126 3871 1152 3920 Τ

98 3946 133 4001 14
148 3949 257 4016 spiritus
275 3951 364 4006 saneti
380 3951 489 4004 lid'Ou
575 3952 608 4008 lb
624 3951 739 4008 aucus
758 3953 847 4006 M'O
948 3953 981 4008 16
999 3954 1105 4022 praetia
1121 3952 1150 4004 Π

99 4031 132 4084 ll
147 4036 243 4103 sopitis
253 4051 386 4092 merae
398 4036 471 4092 dccet
481 4038 513 4090 iss
531 4039 557 4090 Τ
646 4039 678 4092 18
696 4036 879 4108 probabiliter]
897 4038 1022 4094 licentius
1039 4039 1149 4096 lli'Oo

99 4116 317 4176 innutabiliter
334 4122 378 4176 uel
395 4126 465 4176 certe
482 4139 533 4178 ona
551 4122 661 4180 neoc
762 4126 796 4178 21
816 4139 886 4194 quur
903 4125 929 4178 0
1031 4127 1216 4193 percunctanti

98 4203 132 4252 Y*
143 4205 219 4269 (con.
233 4207 327 4262 mem
337 4211 447 4273 manuel
540 4209 574 4263 22
587 4208 716 4264 ahimelec
727 4211 755 4262 Σ
778 4210 905 4264 abimelec
917 4213 943 4263 ‘l'
964 4210 1111 4265 abimeleho
1123 4211 1149 4265 0

98 4285 133 4340 23
144 4289 233 4359 inquid
244 4291 299 4346 ΤΟ
389 4293 580 4348 secernerem
593 4295 660 4348 mihi
673 4297 699 4347 Y
786 4295 821 4350 25
832 4300 875 4351 ast
886 4299 921 4348 Y‘
1013 4297 1047 4351 26
1059 4302 1086 4352 et
1099 4299 1125 4352 iu
1140 4299 1216 4353 illum

99 4372 147 4428 Hc
172 4375 198 4431 lu
214 4377 294 4433 illum
310 4377 399 4434 locum
416 4383 444 4434 et
462 4381 543 4437 illurn
560 4383 586 4434 Y
