3092 4967
324 378 387 445 154
715 374 882 429 Iohannis
899 373 1061 431 Cassiani

326 564 473 640 siderent,
497 562 570 629 aliis
591 562 712 631 scilicet
732 566 771 630 de
796 562 913 630 uicinia
940 562 1182 631 commorationis
1204 562 1352 646 ipsorum,
1378 560 1434 627 aliis

325 667 363 733 da
392 668 522 752 originis
551 667 784 750 propinquitate
810 665 1030 750 gloriantibus,
1060 684 1116 731 nos
1138 667 1244 732 tannen
1272 666 1324 731 nel
1347 666 1435 730 noetn

324 769 377 836 uel
398 774 591 852 quorundam
613 788 676 836 non
697 769 897 836 mediocriter
920 787 955 835 ax
978 769 1037 835 bac
1063 770 1153 853 parte
1174 767 1435 837 scandalizantium

324 872 460 938 fratrum
482 873 649 939 offensione
669 873 806 956 permoti
828 872 1092 955 inquirentesque,
1119 892 1174 939 cur
1196 874 1279 939 tanti
1294 870 1396 937 meriti
1409 887 1435 935 ac

323 976 489 1042 tantarum
508 977 665 1042 uirtutum
680 975 744 1041 uiri
758 975 807 1041 ita
822 977 886 1041 sint
899 994 919 1040 a
933 976 1120 1043 latrunculis
1135 975 1294 1043 interlecti
1310 978 1458 1041 tantum-⁵
1508 1032 1512 1062 ἱ

324 1097 384 1162 qne
406 1080 552 1145 dominns
568 1097 677 1162 passus
698 1078 794 1144 fuerit
809 1097 883 1162 erga
897 1096 968 1145 suos
984 1078 1118 1145 romulos
1135 1078 1255 1145 lacinus
1270 1077 1435 1162 perpetrari,

323 1187 361 1247 nt
382 1184 466 1248 uiros
489 1183 611 1249 cunctis
634 1182 793 1247 mirabiles
816 1184 849 1247 in
871 1201 982 1249 manus
998 1185 1134 1249 traderet
1156 1184 1325 1266 inpiorum,
1341 1180 1434 1247 mamti

322 1286 363 1351 ad
391 1286 534 1353 sanetum
564 1286 759 1353 Theotimum
789 1286 983 1370 singularam
1010 1286 1044 1353 im
1072 1286 1307 1351 conuersatione
1336 1281 1435 1350 actuali

292 1389 514 1471 3perreximus
535 1387 650 1456 uirum.
687 1389 741 1455 bic
761 1406 894 1472 namque
916 1388 1098 1455 morabatur
1119 1390 1153 1455 in
1169 1387 1277 1474 cellis,
1295 1390 1349 1471 qni
1364 1389 1435 1453 locos
1514 1382 1515 1399 ¹

322 1492 406 1558 inter
427 1492 566 1558 Nitriam
588 1510 626 1558 ao
647 1492 780 1558 Scitinm
796 1491 875 1557 situs
891 1493 922 1557 et
937 1509 955 1555 a
971 1492 1168 1557 monasteriis
1182 1494 1308 1575 quidem
1331 1489 1461 1555 Nitriaeo

322 1593 459 1678 quinque
481 1597 609 1664 milibus
630 1596 750 1663 distans
770 1596 931 1678 octoginta
946 1594 1071 1661 milium
1087 1595 1257 1661 solitudine
1272 1595 1311 1661 ab
1327 1595 1436 1659 heremo

323 1687 404 1764 Sciti
426 1700 460 1763 in
482 1718 544 1782 qua
565 1699 822 1766 commorabamur
844 1698 1070 1764 interueniente
1093 1698 1286 1765 discernitur.
1312 1698 1361 1763 eni
1378 1714 1435 1763 cnm

321 1804 362 1867 de
390 1804 617 1886 praedictorum
646 1801 783 1867 uirorum
814 1818 890 1867 neoc
918 1802 1145 1884 querimoniam
1175 1800 1371 1880 fudissemus,
1392 1800 1435 1864 ad-

322 1904 475 1971 mirantes
490 1907 614 1970 tantam
629 1904 679 1970 dei
694 1905 890 1987 patientiam,
908 1905 991 1989 qnod
1006 1906 1090 1971 uiros
1106 1904 1227 1971 scilicet
1241 1904 1328 1970 illins
1343 1900 1436 1969 meriti

322 2006 430 2072 taliter
447 2007 587 2074 interimi
601 2008 805 2091 permisisset,
822 2007 868 2087 nt,
885 2008 938 2091 qni
953 2008 1031 2073 alios
1047 2027 1168 2091 quoque
1183 2024 1257 2073 suae
1273 2004 1462 2073 sanctitatum

321 2111 456 2194 pondera
486 2115 524 2178 de
552 2111 730 2178 huiusmodi
757 2113 889 2179 liberare
919 2112 1127 2195 temptatione
1158 2110 1333 2193 debuerint,
1356 2130 1391 2175 ne
1411 2126 1437 2173 se

321 2216 405 2298 ipsos
427 2215 553 2297 quidem
574 2215 805 2299 praeripuerint
826 2218 863 2282 de
880 2216 1024 2280 manibus
1039 2214 1217 2298 impiorum,
1234 2215 1358 2281 auteur
1373 2211 1437 2276 deus

320 2317 449 2382 admitti
476 2319 509 2383 in
538 2336 643 2383 seruos
671 2336 742 2383 snos
776 2318 900 2383 tantum
934 2318 1054 2384 facinus
1089 2320 1302 2397 concessisset,
1338 2318 1437 2381 beatus

321 2420 498 2485 Theodorus
522 2421 689 2504 respondit.

363 2539 406 2605 ΙΙ.
439 2542 525 2606 Haec
558 2542 697 2623 quaestio
731 2540 858 2605 illorum
895 2540 974 2607 solet
1010 2544 1129 2607 animos
1166 2559 1357 2624 permonere,
1391 2535 1466 2619 quio

320 2660 432 2726 parum
459 2643 531 2709 fidei
561 2644 613 2709 nel
640 2645 791 2710 scientiae
819 2642 1012 2728 possidentes
1042 2646 1156 2711 merita
1188 2646 1367 2711 sanctorum
1393 2639 1438 2704 nel

320 2745 470 2829 praemia,
499 2765 577 2829 quae
606 2766 668 2813 non
696 2748 730 2813 in
758 2748 916 2831 praesenti
939 2748 1118 2833 redduntur,
1140 2748 1197 2814 sed
1219 2747 1352 2832 reposita
1372 2744 1438 2809 sunt

320 2848 355 2915 in
380 2849 532 2929 futurum,
562 2852 754 2919 arbitrantur
785 2854 818 2919 in
845 2852 938 2919 buius
970 2852 1151 2936 temporalis
1180 2853 1266 2918 uitae
1294 2848 1438 2916 breuitate

292 2954 455 3022 drcstitui.
489 2954 626 3020 cetemm
648 2956 771 3038 nosqui
793 2974 855 3021 non
878 2974 1010 3021 sumna
1032 2958 1072 3023 in
1094 2956 1165 3022 bac
1186 2955 1274 3021 uita
1294 2952 1438 3018 tantum

320 3060 537 3141 sperantes
559 3058 599 3123 in
622 3056 804 3141 Christo,
832 3078 871 3124 ne
892 3062 1066 3126 secundum
1088 3060 1265 3141 apostolum
1288 3058 1469 3121 misera-u

322 3160 491 3226 biliores
520 3160 643 3225 simus
676 3162 861 3227 omnibus
892 3162 1135 3237 bominibus,
1165 3163 1239 3245 quia
1267 3158 1383 3226 scilicet
1408 3154 1439 3217 in

320 3262 380 3327 boc
402 3265 517 3330 mundo
539 3263 619 3329 nihil
641 3265 886 3347 promissionum
908 3266 1091 3349 recipientes
1113 3264 1209 3332 etiam
1225 3267 1258 3332 in
1275 3264 1376 3331 futuro
1391 3274 1438 3323 eas

423 3447 489 3503 241
507 3448 567 3505 Cor.
587 3450 627 3515 15,
647 3450 679 3504 19

371 3617 495 3673 luicina
515 3618 581 3675 VW
674 3618 768 3690 oum]
787 3636 818 3675 ae
838 3619 901 3675 WO
995 3620 1196 3691 4iuquirentes
1216 3620 1255 3677 W
1347 3616 1440 3675 urunt

320 3702 359 3757 D·
469 3704 606 3759 interfecti
631 3703 771 3762 DWOX:
801 3706 956 3776 interempti
989 3706 1014 3761 V
1126 3706 1158 3761 10
1184 3706 1294 3762 scitimn
1321 3700 1438 3761 DWX¹=

319 3790 436 3860 scytinm
459 3786 497 3845 V·
510 3790 648 3847 sitian
675 3791 805 3847 scitbinm
823 3792 866 3847 X¹
967 3794 1137 3848 monasteriis
1155 3792 1197 3847 D¹
1301 3794 1333 3847 11
1356 3792 1441 3845 ccmo·
1514 3810 1515 3857 ι

319 3877 400 3946 ginta
426 3874 475 3933 70
575 3876 725 3932 solitudine
745 3879 777 3934 D
881 3880 913 3935 12
936 3880 1010 3935 scitii
1031 3879 1181 3938 DWOX¹=
1211 3880 1281 3950 scyti
1303 3880 1330 3935 7
1354 3872 1439 3933 scitbii
1514 3864 1515 3905 l

320 3962 364 4017 X’
459 3964 672 4019 commorabatur
693 3965 734 4021 17
833 3964 866 4020 13
884 3966 1080 4037 queremoniam
1097 3966 1138 4021 D¹
1236 3966 1387 4021 lecismmm
1403 3962 1440 4026 (ee

318 4050 354 4104 tro
369 4062 425 4103 roe.
441 4064 477 4103 ιιι.
494 4052 526 4116 2)
543 4048 573 4104 D
677 4052 710 4106 15
734 4050 858 4107 interemi
881 4052 924 4107 D¹
1026 4053 1186 4121 permisissit
1207 4052 1242 4108 V¹
1271 4046 1441 4122 permiraisset
1514 4054 1515 4111 l

318 4134 401 4194 nrm
430 4134 501 4189 mu·
516 4134 553 4190 ιι
648 4136 680 4190 ιι
698 4136 810 4205 quaro
900 4138 933 4193 1e
950 4137 1116 4193 armarere
1131 4138 1166 4193 r:
1187 4142 1251 4206 poc
1267 4137 1317 4193 ooo
1333 4133 1440 4190 eamn
1514 4112 1515 4179 l

317 4221 351 4275 tes
367 4218 676 4289 acarasseorum
787 4223 820 4277 19
845 4221 991 4277 thendorus
1013 4223 1048 4278 7ι
1157 4223 1191 4276 20
1215 4222 1321 4277 animus
1342 4220 1375 4277 7ι

317 4306 351 4361 21
371 4304 540 4377 poscebam
560 4304 597 4363 7ι
687 4307 770 4364 24ιο
792 4306 853 4365 Wo
943 4308 1084 4379 aequo
1173 4308 1207 4363 at
1225 4308 1318 4365 futurii
1335 4306 1375 4363 1)ι
