3092 4967
516 428 678 485 Conlatio
695 429 775 495 vm,
793 430 869 487 6-8·
1189 434 1255 501 223

136 617 256 686 inillis
284 619 491 687 anterioribus
519 622 614 704 atque
640 621 812 689 innumeris
841 623 973 689 saeculis
1002 624 1041 690 ab
1071 626 1155 690 omni
1180 642 1252 708 pro·

135 724 272 790 neentis
297 727 330 789 ot
357 722 588 807 disponsatione
617 723 726 789 (liniue
756 724 852 791 inerit
879 726 1005 808 otiosus,
1032 744 1068 793 ac
1090 728 1253 810 tamquam

133 842 189 890 non
211 824 328 891 hahens
347 825 382 892 in
403 843 481 909 quos
501 824 653 891 honitatis
668 844 744 892 suae
758 831 913 893 exerceret
928 827 1076 895 beneficia
1091 828 1252 896 solitarius

132 932 224 1010 atque
239 927 286 993 ab
307 930 392 994 omni
414 927 631 995 munificentia
652 929 772 996 alienus
799 929 897 997 inisse
918 934 1070 998 cedatur.
1109 934 1191 1013 quod
1214 932 1253 998 tle

114 1032 185 1098 oilla
211 1030 356 1098 inmensa
383 1050 419 1098 ac
446 1033 512 1098 sine
540 1031 694 1116 principio
715 1035 748 1098 et
768 1033 1064 1117 inconprehensibili
1086 1035 1251 1101 maiestate

132 1134 205 1200 satis
228 1134 349 1201 humile
371 1137 421 1201 est
442 1135 709 1220 incongruumque
735 1135 860 1213 sentire,
887 1137 955 1220 ipso
978 1138 1104 1204 domino
1126 1140 1164 1205 tle
1186 1138 1251 1205 illis

130 1238 336 1323 potestatibus
372 1238 449 1305 haec
484 1240 621 1305 dicento:
667 1240 815 1322 quando
861 1240 967 1307 iacta
1009 1242 1100 1307 sunl
1134 1241 1251 1309 simul

131 1342 274 1419 sidera,
302 1342 576 1409 leudonernnt
603 1360 660 1407 me
686 1359 780 1407 uoce
802 1361 939 1427 magna
962 1361 1094 1410 omnes
1116 1343 1250 1427 angeli

130 1446 210 1510 mei
247 1444 301 1528 qui
329 1461 402 1528 ergo
428 1444 586 1511 intersunt
614 1444 764 1511 creationi
793 1446 943 1524 siderum,
967 1447 1040 1512 anto
1062 1446 1147 1513 istud
1162 1446 1282 1530 prin-3

102 1549 243 1631 recipiam
269 1548 304 1613 in
333 1566 393 1631 qno
424 1549 543 1614 factum
570 1547 687 1613 dicitur
714 1550 835 1615 caelum
863 1551 896 1614 ei
924 1549 1007 1614 terre
1034 1549 1131 1615 creati
1153 1551 1250 1617 luisse

130 1652 380 1719 manifestissime
412 1653 650 1735 conprobantur,
683 1653 798 1737 quippe
831 1655 885 1738 qni
917 1670 973 1737 pro
1001 1654 1071 1721 iotis
1104 1652 1251 1720 omnihus

130 1756 305 1823 uisihilihns
328 1757 480 1823 creaturis
502 1776 579 1839 quas
604 1756 754 1824 uidebant
776 1778 812 1823 ex
834 1758 934 1823 nihilo
956 1758 1142 1843 processisse
1164 1774 1250 1823 crea-

130 1864 225 1927 torem
253 1876 368 1944 magna
395 1878 470 1927 uoce
500 1861 678 1927 referuntur
700 1863 732 1926 ot
753 1862 963 1928 admiratione
991 1862 1142 1928 laudasse
1177 1864 1251 1926 aute

129 1964 208 2030 istud
232 1981 306 2047 ergo
326 1964 499 2047 temporale
520 1964 718 2049 principium,
746 1965 827 2047 qnod
849 1983 869 2031 a
889 1964 1000 2049 Moyse
1022 1965 1138 2034 dicitur
1154 1964 1250 2048 quod·

100 2086 184 2150 oque
198 2067 309 2133 mundi
323 2068 415 2134 huius
431 2069 601 2135 secundum
618 2068 813 2151 historicum,
830 2069 928 2136 immo
944 2069 1106 2136 Iudaicum
1121 2084 1250 2134 sensum

130 2172 232 2257 signu
253 2174 390 2238 astutam
414 2172 513 2254 (saluo
535 2172 656 2238 scilicet
678 2175 784 2239 nostro
807 2190 911 2251 sensu,
937 2190 997 2256 quo
1019 2191 1075 2239 nos
1096 2172 1248 2255 interpre-

129 2276 229 2340 tamur
250 2275 391 2341 omnium
413 2293 518 2341 rerum
540 2272 701 2342 christum
725 2294 793 2342 esse
808 2276 1008 2359 principium,
1023 2276 1057 2339 in
1072 2294 1130 2358 quo
1145 2272 1249 2339 omnia

130 2378 278 2444 meanerit
306 2380 395 2462 pater
423 2381 594 2446 secunlum
623 2378 720 2445 illudo
749 2380 880 2446 omnio
901 2398 967 2462 per
988 2380 1115 2461 ipsum
1139 2378 1249 2443 iacta

130 2483 231 2564 sunt,
255 2485 292 2549 et
314 2482 397 2548 eiua
418 2484 502 2566 ipso
517 2482 667 2549 iactum
684 2482 894 2565 estnihil),
910 2484 983 2550 ante
999 2482 1094 2561 istud,
1110 2482 1247 2563 inquam,

100 2582 277 2652 ehensos
292 2586 466 2669 temporale
480 2585 670 2669 principium
685 2604 793 2653 omnes
808 2586 883 2653 illas
898 2587 1068 2670 poenales
1083 2585 1247 2652 caelestes·

130 2706 186 2769 que
210 2689 344 2755 uirtutes
372 2688 464 2756 deum
491 2707 610 2755 creasse
638 2708 699 2756 uon
727 2691 858 2757 dubium
886 2694 943 2757 est.
982 2709 1058 2775 quus
1088 2687 1281 2770 apostolus4

129 2808 182 2873 per
211 2792 351 2858 ordinem
383 2791 582 2859 dinumerans
612 2792 659 2859 ita
690 2793 860 2861 dosonhil:
893 2793 989 2877 quia
1015 2794 1057 2860 in
1087 2790 1246 2859 Christo

130 2897 261 2961 creata
281 2898 373 2962 sunt
402 2895 533 2961 omnia
554 2896 594 2961 in
617 2896 745 2963 caelis
779 2900 818 2964 et
850 2898 1036 2981 interra,
1064 2896 1248 2963 risibilia

131 2998 168 3060 et
194 2999 449 3078 inuisibilia,
479 3001 566 3067 siue
593 3001 726 3085 angeli
760 3000 848 3067 siue
880 3001 1133 3085 archangeli,
1163 3002 1272 3065 siue·

100 3101 256 3169 atnroni
286 3106 371 3169 siue
404 3103 715 3186 dominationes,
748 3106 835 3170 siue
868 3104 1121 3187 principatus
1158 3104 1247 3167 siue

130 3207 351 3286 potestates.
373 3207 501 3274 omnia
523 3226 588 3290 per
610 3207 733 3291 ipsum
757 3210 794 3273 ei
815 3208 856 3272 in
879 3207 963 3291 ipso
986 3209 1118 3272 creata
1141 3206 1243 3272 sunt.

169 3324 253 3393 v111.
277 3328 324 3393 De
347 3328 479 3394 istorum
501 3328 608 3410 itaque
631 3346 758 3394 numero
785 3327 950 3394 nonnullos
972 3326 1126 3411 principes
1148 3324 1247 3392 inisse

132 3431 281 3515 conlapsos
315 3432 498 3498 lamentatio
535 3432 706 3498 Ezechielis
742 3432 811 3497 siue
844 3430 953 3497 lissiae
987 3428 1248 3497 manifestissime

225 3612 240 3665 ι
257 3610 307 3667 ror
325 3612 368 3680 aa,
385 3611 401 3665 ι
420 3610 515 3680 (axx)
620 3610 726 3667 1810h.
746 3613 770 3673 1,
790 3612 807 3667 a
909 3612 943 3665 aa
961 3610 1017 3665 cor.
1038 3612 1060 3679 1,
1081 3612 1113 3665 ro

175 3775 292 3845 lallquc
307 3775 359 3832 VP
442 3775 587 3830 innumeris
603 3774 630 3829 V
713 3774 837 3845 maculis]
857 3773 972 3844 singulis
989 3772 1019 3827 D
1108 3772 1247 3826 hutioous
1284 3813 1291 3827 .

134 3856 164 3910 V¹
243 3860 294 3916 hac
310 3860 343 3916 V¹
429 3860 550 3929 4adque
568 3859 622 3915 VP
704 3858 820 3916 mouille.
843 3856 871 3913 V
952 3858 1119 3913 licreaiiono
1136 3857 1178 3912 12¹

132 3942 160 3995 14
173 3959 242 4000 mose
263 3945 351 4001 V¹W¹
381 3946 464 4000 moise
483 3946 534 4003 W¹
638 3946 756 4016 qnodqui
773 3946 816 4001 D¹
921 3945 952 4000 15
975 3944 1113 3999 istoricum
1141 3944 1180 3999 W

131 4026 159 4081 lli
177 4029 230 4084 sini
249 4030 286 4085 7ι
389 4033 448 4101 ipstl
469 4032 518 4087 77ι
621 4031 657 4086 20
678 4034 815 4102 goneisour
840 4032 866 4086 V
966 4028 1133 4098 caelistisquo
1154 4028 1179 4081 V

130 4113 157 4167 ‘ll
174 4116 281 4173 uirtutis
302 4118 338 4173 V¹
440 4118 474 4172 22
491 4118 549 4189 por]
569 4121 589 4186 β
607 4118 634 4173 7
733 4116 858 4172 discribit
877 4117 899 4173 0
1000 4114 1034 4169 aa
1057 4113 1164 4170 condite
1182 4116 1247 4170 sunt

131 4203 243 4259 uniuersa
264 4205 335 4260 Vct
357 4204 479 4275 Volcato
581 4205 617 4261 25
641 4203 711 4259 troni
741 4202 806 4260 WO
907 4203 940 4257 27
967 4202 1114 4257 nonnullus
1141 4201 1177 4255 7Ι

131 4284 161 4341 28
180 4290 314 4360 conlapsus
335 4290 371 4346 7Ι
400 4290 570 4361 condilopscs
592 4290 624 4345 X
726 4288 935 4344 hioaechielisO
965 4285 1122 4343 ezechiholis
1147 4286 1176 4340 X

132 4386 213 4442 sayae
233 4376 255 4432 0
