3092 4967
503 467 663 530 Conlatio'
684 473 802 540 Xllllll,
821 473 896 528 1·2.
1201 475 1265 542 675

135 667 259 733 ammas
292 665 503 748 pmcebamns,
537 663 697 728 credentes
730 682 787 729 nos
821 663 961 728 fructum
992 664 1166 730 maximum
1194 683 1265 748 per·

136 776 282 853 ceptnros
306 771 344 835 de
368 771 567 834 consensione
589 768 772 842 multorum,
800 766 855 848 qm
877 766 966 831 uelut
986 770 1093 832 nostro
1108 768 1210 833 essent
1224 769 1265 833 ad

136 874 222 938 uiam
255 871 369 938 saluts
399 870 537 951 exemplo
567 887 602 933 ao
631 869 761 934 monitis
792 868 957 952 dirigendi.
995 872 1071 934 tuuc
1103 875 1264 952 praeterea

137 978 275 1057 ipsorum
299 977 439 1040 locorum
461 975 551 1047 situs,
574 973 607 1038 in
629 973 741 1054 quibos
768 974 836 1038 erat
858 970 1031 1037 maimibus
1051 974 1164 1038 nostris
1178 974 1265 1040 auita

114 1080 300 1160 epossessio
325 1082 522 1161 ipsarumque
544 1075 714 1140 amoenitas
736 1075 876 1142 iucunda
896 1076 1059 1157 regionum
1074 1079 1146 1142 ante
1161 1079 1265 1144 oculos

136 1183 334 1265 pingebatur,
364 1200 456 1263 quem
486 1183 576 1264 grate
599 1181 632 1244 et
655 1196 793 1262 congrue
818 1179 999 1246 solitudinis
1021 1179 1134 1260 spatiis
1155 1180 1264 1246 tende-

135 1287 234 1364 retur,
267 1285 313 1350 ita
343 1290 379 1348 ut
401 1301 462 1349 non
484 1283 586 1348 solum
609 1281 763 1348 delectare
786 1283 975 1348 monacnum
996 1285 1124 1364 possent
1145 1287 1265 1350 secreta

135 1389 304 1467 siluarum,
328 1388 381 1452 sed
405 1387 501 1452 etiam
523 1387 661 1452 maximo
682 1389 784 1451 nictus
810 1385 957 1468 praebere
972 1387 1150 1470 conpendia.
1185 1393 1295 1470 quaed

135 1495 241 1559 omnia
261 1491 419 1574 praedicto
443 1492 510 1556 seni
533 1508 604 1555 cum
627 1489 797 1556 secundum
811 1489 905 1556 fidem
921 1490 1265 1558 conscientieenostrae
1295 1497 1304 1516 ⁹

102 1596 324 1676 usimpliciter
346 1595 564 1677 panderemus,
587 1611 645 1658 nec
666 1592 730 1658 iam
752 1593 1019 1676 inpugnationum
1039 1596 1104 1660 nim
1130 1596 1265 1660 tolerate
1315 1603 1319 1609 ’

135 1718 192 1764 nos
225 1717 326 1780 posse,
362 1699 422 1762 nisi
452 1695 541 1761 nobis
571 1714 626 1778 per
655 1694 741 1762 illius
770 1695 957 1761 medicinam
986 1698 1037 1762 dei
1065 1698 1169 1781 gratia
1188 1698 1263 1764 sub-

135 1801 285 1879 uenisset,
321 1800 455 1884 profusis
493 1800 631 1864 lacrimis
669 1803 866 1876 testaremur,
902 1799 1020 1870 tacitus
1057 1800 1113 1866 ille
1149 1802 1265 1885 diuque

136 1909 301 1970 cunctatus
324 1909 417 1987 atque
440 1905 477 1967 ad
502 1905 674 1968 extremum
698 1901 837 1984 grsuiter
859 1902 1072 1987 ingemescens
1094 1905 1149 1972 rit.

178 2027 219 2091 Π.
243 2026 384 2091 Necdum
406 2041 461 2089 uos
484 2023 645 2089 desideriis
669 2025 864 2089 renuntiasse
885 2027 1053 2092 mundanis
1076 2039 1135 2090 nso
1150 2029 1264 2092 murti·

103 2128 243 2193 reboasse
266 2127 531 2210 concupiscentias
558 2128 707 2208 pristinas
724 2127 952 2212 cogitationum
967 2133 1144 2194 uestrarum
1158 2133 1264 2212 prodit

135 2231 312 2296 infirmitas.
358 2242 431 2294 norm
464 2231 545 2294 sicut
578 2229 732 2294 desidiam
768 2231 870 2296 cordis
905 2234 1002 2296 nestri
1039 2231 1261 2300 desideriorum

134 2337 312 2400 uestrorum
346 2333 528 2416 peruagatio
562 2335 763 2414 protestetur,
799 2333 878 2397 banc
909 2335 1192 2418 peregrinationem
1225 2355 1262 2403 ac

120 2441 301 2522 ,parentum
325 2437 507 2516 absentiam,
530 2453 624 2516 quam
654 2439 758 2500 mente
787 2435 893 2518 potins
916 2441 1074 2521 suscipere
1097 2441 1259 2521 debuistis,

135 2559 228 2607 carne
251 2541 467 2607 tantummodo
489 2539 660 2604 sustinetis.
698 2541 822 2621 sepulte
846 2541 928 2604 enim
951 2543 1026 2607 baec
1047 2545 1152 2609 omnia
1173 2563 1209 2611 ao
1223 2550 1262 2612 do

100 2643 280 2708 cocordibns
303 2645 417 2708 uestris
441 2643 549 2708 euulsa
570 2643 694 2724 penitus
723 2644 789 2707 iam
818 2642 961 2722 fuissent,
984 2649 1009 2711 si
1032 2648 1083 2712 uel
1105 2651 1259 2716 rationem

136 2749 237 2830 ipsius
261 2747 543 2812 abrenuntiationis
566 2747 617 2812 nel
642 2747 848 2828 principalem
870 2735 1047 2815 solitudinis
1069 2769 1197 2817 oensem
1226 2755 1259 2818 io

134 2867 197 2934 que
227 2851 426 2914 consistimus
457 2849 628 2931 cepissetis.
658 2850 795 2930 ¹ideoque
824 2865 880 2913 nos
903 2851 962 2916 ille
983 2853 1040 2916 otii
1063 2855 1291 2938 aegritudine2

132 2955 236 3018 sentio
251 2954 401 3029 laborare,
419 2971 497 3034 quae
512 2954 544 3017 in
569 2953 745 3018 Prouerbiis
760 2954 810 3018 ita
823 2957 963 3018 notatur:
985 2956 1026 3020 in
1049 2956 1259 3025 desideriis

133 3065 194 3119 est
240 3058 366 3120 omnis
411 3057 579 3138 otiosus,
617 3057 648 3119 et
684 3056 1065 3127 iterum:,desideria
1106 3063 1259 3146 pigrum

97 3159 330 3222 inoccidunt.
369 3175 442 3222 nam
466 3160 499 3222 et
520 3157 609 3222 uobis
631 3162 778 3240 poterant
803 3160 880 3224 baec
900 3172 980 3243 onae
994 3166 1259 3230 commemorastis

132 3261 305 3326 carnalium
323 3263 553 3326 commodorum
569 3281 628 3325 non
647 3263 751 3328 deesse
767 3265 945 3344 conpendia,
974 3267 1001 3329 si
1017 3267 1257 3337 credidissemus

132 3383 169 3428 ee
193 3371 298 3428 nostro
321 3366 485 3427 conuenire
508 3366 664 3445 proposito
688 3369 744 3429 aut
771 3367 867 3431 talem
889 3387 925 3432 ex
946 3367 1012 3434 illis
1028 3373 1256 3454 amoenitatum

235 3569 269 3622 23
287 3569 363 3622 Pron.
382 3569 423 3632 13,
442 3570 459 3623 4
477 3569 570 3636 (LXX)
674 3573 707 3624 24
726 3571 803 3626 Prot.
821 3574 864 3639 21,
882 3575 915 3628 25

183 3757 342 3812 lauimeO
368 3759 487 3811 animum
500 3759 551 3812 Kc
636 3761 864 3828 pescbebamurO
946 3765 1063 3819 fructum
1076 3769 1124 3820 dos
1137 3768 1189 3822 Kc
1271 3781 1274 3785 ·

128 3843 363 3898 2ccnuersetione
382 3843 462 3900 ΒΕΘ
546 3845 673 3900 balucis
686 3863 712 3900 se
725 3848 761 3901 B¹
850 3853 909 3904 tum
924 3851 997 3906 OKo
1014 3853 1048 3918 cs.
1061 3869 1119 3922 cop.
1134 3857 1189 3922 9,4
1302 3906 1306 3913 .

128 3979 252 4032 ceeia
280 3981 315 4034 o:
332 3929 425 4034 'iiiii
447 3983 480 4036 K
505 3982 601 4037 narro
623 3984 681 4038 nn
780 3987 932 4056 ermque
957 3989 989 4043 rr
1090 3991 1203 4044 noune
1229 3993 1257 4045 n

129 4063 173 4116 K²
278 4066 292 4118 'l
321 4066 426 4132 possint
452 4069 501 4122 Kc
606 4071 638 4124 13
665 4071 750 4139 adque
774 4073 815 4126 B¹
918 4076 1094 4144 ingemiscens
1117 4078 1191 4131 B'K

128 4151 171 4204 eit
199 4149 258 4204 BF
290 4152 330 4206 ita
355 4154 494 4221 respondit
523 4154 578 4209 Oc:
609 4169 660 4210 om.
686 4157 720 4211 K
829 4162 862 4214 14
887 4162 999 4216 necdum
1025 4163 1119 4232 inquit
1144 4163 1186 4216 K'

128 4235 164 4290 16
191 4237 280 4288 uestri·
300 4241 327 4290 et
354 4237 393 4290 13²
418 4239 582 4303 sorbserat.
603 4241 743 4299 desidlsc.
762 4244 892 4299 uestriet
994 4248 1029 4301 22
1054 4249 1192 4318 cepissetis
1217 4250 1255 4305 Or

128 4321 283 4388 coepissetis
301 4321 408 4376 BFKo
492 4325 601 4380 illauos
618 4328 652 4381 K
733 4331 967 4398 seposueram
1048 4334 1083 4389 26
1101 4337 1267 4406 conpendia]-

127 4405 250 4458 carnalis
268 4405 308 4458 K¹
411 4407 444 4462 27
463 4425 493 4463 ee
510 4411 603 4466 om.O
704 4415 759 4469 tale
776 4415 805 4470 Β

1095 4525 1153 4580 43⁵
