3092 4967
500 479 663 535 Conlatio
684 480 737 547 111,
758 480 868 534 la-ra.
1207 482 1250 548 85

118 690 239 749 meus,
262 670 384 735 lubrice
403 670 524 735 scilicet
548 670 670 737 arbitrii
701 670 860 749 facultate,
884 671 1161 739 misericordia
1182 676 1249 737 tua

116 773 273 839 domine
306 772 525 837 adiuuabat
555 791 622 837 me.
659 774 775 839 iterum
804 774 976 839 mobilitati
1005 793 1078 840 suae
1101 773 1151 839 dei
1175 792 1246 839 con·

116 877 220 959 iungit
252 876 412 959 auxilium,
444 875 526 959 quia,
559 896 597 940 ne
628 878 806 941 moueretur
830 896 887 961 pes
909 877 982 942 fidei
1007 896 1091 956 suae,
1114 898 1177 944 non
1198 880 1248 943 in-

116 980 258 1045 dustriae
288 980 432 1062 proprias
462 979 568 1057 luisse,
599 982 651 1046 sed
675 979 906 1046 misericordiae
928 980 1049 1045 domini
1072 980 1247 1047 confitetur.

91 1088 149 1152 aet
182 1083 313 1149 iterum:
348 1083 562 1149 secundum
598 1082 905 1148 multitudinem
943 1084 1119 1149 dolorum
1153 1088 1279 1151 meo-4

116 1206 198 1251 rum
232 1186 271 1250 in
305 1188 418 1251 corde
451 1204 549 1267 meo,
586 1186 639 1267 qui
669 1185 766 1250 libero
797 1186 905 1268 utique
935 1185 1013 1251 rnihi
1038 1186 1247 1253 nascebantur

116 1290 257 1369 arbitrio,
281 1289 577 1356 consolationes
599 1291 689 1354 tuae
712 1289 1062 1355 laetificauernnt
1083 1290 1247 1357 animam

115 1412 252 1461 meam:
275 1412 332 1475 per
353 1393 440 1458 tuam
456 1392 578 1459 scilicet
594 1393 830 1475 inspirationem
847 1392 1007 1457 uenientes
1023 1392 1056 1457 in
1072 1412 1246 1459 cormeum

116 1502 147 1563 et
177 1500 351 1563 reserantes
381 1496 675 1579 contemplationem
705 1496 883 1561 futuromm
905 1496 1066 1580 bonorum,
1090 1516 1169 1580 qnae
1190 1516 1245 1582 pro

81 1606 169 1670 intuo
200 1599 325 1665 nomine
355 1601 568 1665 laborantibus
600 1599 804 1683 praeparasti,
835 1619 896 1665 non
919 1600 1021 1665 solum
1044 1599 1246 1669 abstulerunt

114 1724 241 1771 omnem
264 1705 454 1770 anxietatem
477 1703 574 1769 cordis
596 1705 668 1781 mei,
684 1722 793 1770 uorum
809 1705 905 1769 etiam
921 1724 1076 1770 summam
1091 1704 1245 1771 laetitiam

115 1808 324 1875 contulerunt.
358 1812 390 1872 ot
405 1826 543 1873 rursum:
568 1808 649 1873 nisi
671 1808 762 1890 quia
785 1809 967 1873 dominus
989 1808 1151 1875 adiuuit
1172 1828 1243 1877 me:

115 1912 234 1995 paulo
266 1912 391 1977 minus
424 1912 682 1977 habitaberat
716 1914 756 1977 in
791 1910 950 1978 inferno
982 1910 1116 1977 anima
1150 1932 1244 1978 mea.

115 2016 208 2081 liberi
232 2015 339 2098 utique
362 2015 484 2080 arbitrii
507 2014 663 2098 pronitate
678 2016 711 2079 in
727 2014 850 2081 inferno
867 2033 901 2079 se
916 2014 1133 2081 habitaturum
1148 2016 1244 2083 inisse

85 2149 107 2189 s
115 2122 260 2201 testatur,
284 2120 344 2183 nisi
368 2119 484 2184 domini
507 2119 617 2184 inuret
643 2118 798 2185 adiutorio
820 2136 857 2184 ac
879 2120 1071 2202 protectione
1092 2120 1243 2189 saluatus.

114 2242 131 2287 a
160 2224 321 2292 domino
350 2224 444 2301 enim,
475 2240 535 2287 non
557 2240 576 2288 a
599 2222 697 2288 libero
729 2222 859 2288 arbitrio
885 2240 1050 2305 gressus
1072 2220 1275 2294 hominist

116 2328 363 2412 diriguntur,
393 2327 424 2390 et
454 2344 536 2390 eum
567 2324 764 2391 ceciderit
790 2326 935 2404 iustus,
958 2325 1057 2391 libero
1080 2327 1244 2393 dumtaxat

117 2430 255 2511 arbitrio,
292 2448 363 2495 non
397 2428 637 2495 conlidetnr.
678 2432 888 2512 quapropter?
925 2431 1020 2513 quia
1060 2429 1242 2496 dominus

117 2532 306 2615 subponit
328 2551 480 2599 manum
503 2550 620 2599 suam.
653 2533 711 2597 boe
726 2536 773 2597 est
788 2535 984 2615 apertissime
1000 2532 1116 2600 dicere:
1137 2533 1243 2601 nullus

86 2636 269 2705 »iustorum
300 2636 362 2701 sibi
392 2636 511 2701 sufficit
541 2637 580 2701 ad
604 2634 805 2702 obtinendam
827 2635 994 2713 iustitiam,
1017 2636 1079 2702 nisi
1101 2657 1155 2720 por
1177 2656 1242 2702 mo·

120 2744 220 2804 menta
244 2740 371 2825 singula
393 2740 543 2805 titubanti
567 2740 595 2805 ei
618 2742 651 2805 et
674 2742 837 2805 contuenti
860 2741 1016 2805 fulmenta
1037 2759 1147 2807 manus
1170 2760 1244 2809 suae

121 2844 313 2927 subposuerit
342 2844 450 2909 diuina
481 2844 657 2928 clementia,
688 2862 726 2909 ne
753 2845 928 2927 prostratus
949 2844 1086 2909 intereat
1108 2846 1242 2929 penitus,

123 2962 189 3009 cum
210 2946 305 3012 fuerit
327 2946 419 3013 liberi
443 2947 566 3013 arbitrii
592 2946 777 3013 infirmitate
800 2947 972 3031 conlapsus.

161 3066 245 3135 Xlll.
274 3066 341 3135 Nec
370 3086 443 3133 sane
472 3086 621 3151 umquam
651 3069 712 3133 uiri
741 3068 841 3135 sancti
866 3069 1068 3134 directionem
1090 3068 1160 3135 uiae
1181 3089 1244 3154 qua

88 3172 340 3250 egrediebantur
362 3173 401 3237 ad
424 3171 599 3255 profectum
621 3174 778 3237 uirtutum
800 3172 1163 3255 consummationemque
1176 3176 1243 3240 teu·

123 3275 224 3341 dantes
253 3275 408 3341 industria
438 3293 471 3339 se
500 3273 623 3357 propria
653 3273 827 3339 obtinuisse
857 3275 964 3339 testati
988 3277 1072 3354 sunt,
1096 3278 1150 3342 sed
1173 3294 1242 3343 eam

123 3378 216 3459 potins
238 3398 256 3445 a
279 3378 403 3444 domino
434 3379 639 3460 precabantur
670 3378 823 3443 dicentes:
847 3376 980 3461 dirige
1003 3397 1058 3442 me
1081 3379 1120 3442 in
1143 3378 1242 3443 ueri·

123 3482 200 3546 tate
226 3485 309 3563 tua,
341 3483 388 3549 et:
418 3481 548 3566 dirige
577 3482 616 3547 in
647 3483 858 3563 conspectu
889 3484 956 3545 tuo
984 3480 1089 3547 uiam
1111 3499 1240 3547 meam.

217 3704 364 3760 baala
457 3703 618 3761 labam
711 3700 919 3769 resectas
1012 3702 1175 3757 rubam

127 3785 226 3845 1ch
328 3789 517 3859 27Ρε.24,5
620 3788 795 3855 aursus

171 3996 268 4049 lmeos
284 3994 373 4051 W¹P¹
459 3992 476 4046 2
494 3990 658 4047 mobilitatis
669 3992 753 4049 DOP
837 3991 1032 4049 bamiliumO
1117 3994 1134 4049 6
1152 4009 1241 4049 amco·

129 4074 211 4135 beetur
228 4084 256 4146 (n
274 4083 356 4144 eras.)
375 4078 404 4133 D
422 4084 449 4133 ct
468 4078 491 4135 0
594 4078 610 4132 7
629 4078 819 4133 consolationis
836 4077 878 4132 D¹
975 4078 993 4132 8
1010 4083 1132 4133 nostrum
1151 4079 1174 4136 0

128 4162 156 4215 10
169 4165 326 4223 abstulerint
347 4166 395 4221 W¹
489 4162 735 4219 lambientem
761 4163 900 4219 habitabit
919 4164 947 4218 P
1037 4164 1068 4218 17
1087 4164 1241 4234 dirigentur

127 4246 186 4303 D‘P
272 4251 407 4307 dumtaxit
428 4252 477 4307 W¹
574 4251 607 4304 19
625 4248 755 4319 subponot
773 4249 893 4317 D'O(P)
988 4265 1113 4303 mannum
1132 4250 1173 4305 D¹

126 4332 155 4385 21
175 4334 326 4393 fulcimenta
349 4336 436 4393 D²Oo
534 4336 568 4392 26
591 4335 725 4391 industris
749 4334 790 4389 D¹
876 4336 984 4403 propria
1006 4334 1049 4388 D¹
1143 4336 1177 4390 2‘1
1200 4337 1240 4391 di·

127 4420 200 4474 certis
222 4424 259 4479 W
1105 4442 1108 4446 ²
