<?xml version="1.0" encoding="UTF-8"?>
<!DOCTYPE html PUBLIC "-//W3C//DTD XHTML 1.0 Transitional//EN"
    "http://www.w3.org/TR/xhtml1/DTD/xhtml1-transitional.dtd">
<html xmlns="http://www.w3.org/1999/xhtml" xml:lang="en" lang="en">
 <head>
  <title>
</title>
<meta http-equiv="Content-Type" content="text/html;charset=utf-8" />
  <meta name='ocr-system' content='tesseract 3.04.00' />
  <meta name='ocr-capabilities' content='ocr_page ocr_carea ocr_par ocr_line ocrx_word'/>
</head>
<body>
  <div class='ocr_page' id='page_1' title='image "./iohanniscassian00petsgoog_0584.png"; bbox 0 0 3092 4967; ppageno 0'>
   <div class='ocr_carea' id='block_1_1' title="bbox 263 449 1001 520">
    <p class='ocr_par' dir='ltr' id='par_1_1' title="bbox 263 449 1001 520">
     <span class='ocr_line' id='line_1_1' title="bbox 263 449 1001 520; baseline -0.02 -3"><span class='ocrx_word' id='word_1_1' title='bbox 263 451 325 520; x_wconf 76' lang='lat'>572</span> <span class='ocrx_word' id='word_1_2' title='bbox 649 451 817 505; x_wconf 86' lang='lat' dir='ltr'>Iohannis</span> <span class='ocrx_word' id='word_1_3' title='bbox 840 449 1001 505; x_wconf 80' lang='lat' dir='ltr'>Gessisni</span> 
     </span>
    </p>
   </div>
   <div class='ocr_carea' id='block_1_2' title="bbox 338 637 1419 1135">
    <p class='ocr_par' dir='ltr' id='par_1_2' title="bbox 338 637 1419 1135">
     <span class='ocr_line' id='line_1_2' title="bbox 338 637 1388 721; baseline -0.004 -14"><span class='ocrx_word' id='word_1_4' title='bbox 338 641 442 707; x_wconf 88' lang='lat' dir='ltr'><strong>VIIII.</strong></span> <span class='ocrx_word' id='word_1_5' title='bbox 466 637 736 718; x_wconf 75' lang='lat' dir='ltr'><strong>Quemadmodum</strong></span> <span class='ocrx_word' id='word_1_6' title='bbox 777 658 838 706; x_wconf 93' lang='lat' dir='ltr'>nou</span> <span class='ocrx_word' id='word_1_7' title='bbox 875 638 1095 721; x_wconf 76' lang='lat' dir='ltr'>adquiescente</span> <span class='ocrx_word' id='word_1_8' title='bbox 1131 658 1227 705; x_wconf 81' lang='lat' dir='ltr'>uxore</span> <span class='ocrx_word' id='word_1_9' title='bbox 1262 656 1321 704; x_wconf 85' lang='lat' dir='ltr'>sus</span> <span class='ocrx_word' id='word_1_10' title='bbox 1352 638 1388 702; x_wconf 87' lang='lat' dir='ltr'>ad</span> 
     </span>
     <span class='ocr_line' id='line_1_3' title="bbox 465 742 891 824; baseline -0.007 -16"><span class='ocrx_word' id='word_1_11' title='bbox 465 742 689 808; x_wconf 84' lang='lat' dir='ltr'>monasterium</span> <span class='ocrx_word' id='word_1_12' title='bbox 710 742 891 824; x_wconf 78' lang='lat' dir='ltr'>peruolario.</span> 
     </span>
     <span class='ocr_line' id='line_1_4' title="bbox 408 844 1388 930; baseline -0.001 -20"><span class='ocrx_word' id='word_1_13' title='bbox 408 846 446 910; x_wconf 89' lang='lat' dir='ltr'>X.</span> <span class='ocrx_word' id='word_1_14' title='bbox 470 845 650 911; x_wconf 73' lang='lat' dir='ltr'><strong>satisfactio</strong></span> <span class='ocrx_word' id='word_1_15' title='bbox 680 862 735 926; x_wconf 88' lang='lat' dir='ltr'>pro</span> <span class='ocrx_word' id='word_1_16' title='bbox 765 863 811 923; x_wconf 89' lang='lat' dir='ltr'>eo,</span> <span class='ocrx_word' id='word_1_17' title='bbox 834 863 873 909; x_wconf 91' lang='lat' dir='ltr'>ne</span> <span class='ocrx_word' id='word_1_18' title='bbox 899 844 1030 910; x_wconf 85' lang='lat' dir='ltr'>dissidia</span> <span class='ocrx_word' id='word_1_19' title='bbox 1051 846 1238 930; x_wconf 78' lang='lat' dir='ltr'>ooniugibus</span> <span class='ocrx_word' id='word_1_20' title='bbox 1260 846 1388 910; x_wconf 84' lang='lat' dir='ltr'>suadere</span> 
     </span>
     <span class='ocr_line' id='line_1_5' title="bbox 464 951 639 1015; baseline -0.006 -1"><span class='ocrx_word' id='word_1_21' title='bbox 464 951 639 1015; x_wconf 87' lang='lat' dir='ltr'>uideamur.</span> 
     </span>
     <span class='ocr_line' id='line_1_6' title="bbox 389 1049 1419 1135; baseline -0.001 -19"><span class='ocrx_word' id='word_1_22' title='bbox 389 1051 444 1116; x_wconf 94' lang='lat' dir='ltr'>XI.</span> <span class='ocrx_word' id='word_1_23' title='bbox 468 1051 644 1135; x_wconf 79' lang='lat' dir='ltr'>Inquisitio,</span> <span class='ocrx_word' id='word_1_24' title='bbox 675 1069 730 1115; x_wconf 90' lang='lat' dir='ltr'>our</span> <span class='ocrx_word' id='word_1_25' title='bbox 759 1052 792 1115; x_wconf 92' lang='lat' dir='ltr'>in</span> <span class='ocrx_word' id='word_1_26' title='bbox 821 1052 963 1135; x_wconf 78' lang='lat' dir='ltr'>Aegypto</span> <span class='ocrx_word' id='word_1_27' title='bbox 993 1051 1069 1115; x_wconf 89' lang='lat' dir='ltr'>totis</span> <span class='ocrx_word' id='word_1_28' title='bbox 1096 1049 1208 1116; x_wconf 89' lang='lat' dir='ltr'>diebus</span> <span class='ocrx_word' id='word_1_29' title='bbox 1231 1049 1419 1133; x_wconf 70' lang='lat' dir='ltr'>(Iamque-s</span> 
     </span>
    </p>
   </div>
   <div class='ocr_carea' id='block_1_3' title="bbox 463 1154 1518 1237">
    <p class='ocr_par' dir='ltr' id='par_1_3' title="bbox 463 1154 1518 1237">
     <span class='ocr_line' id='line_1_7' title="bbox 463 1154 1518 1237; baseline 0 -18"><span class='ocrx_word' id='word_1_30' title='bbox 463 1156 623 1237; x_wconf 83' lang='lat' dir='ltr'>gensimae</span> <span class='ocrx_word' id='word_1_31' title='bbox 661 1172 721 1219; x_wconf 95' lang='lat' dir='ltr'>non</span> <span class='ocrx_word' id='word_1_32' title='bbox 759 1154 916 1219; x_wconf 86' lang='lat' dir='ltr'>ieiunetur</span> <span class='ocrx_word' id='word_1_33' title='bbox 952 1173 1008 1219; x_wconf 88' lang='lat' dir='ltr'>nee</span> <span class='ocrx_word' id='word_1_34' title='bbox 1044 1172 1148 1237; x_wconf 80' lang='lat' dir='ltr'>genus</span> <span class='ocrx_word' id='word_1_35' title='bbox 1183 1154 1217 1218; x_wconf 93' lang='lat' dir='ltr'>in</span> <span class='ocrx_word' id='word_1_36' title='bbox 1254 1157 1389 1219; x_wconf 84' lang='lat' dir='ltr'>oratione</span> <span class='ocrx_word' id='word_1_37' title='bbox 1517 1181 1518 1188; x_wconf 45' lang='lat'>¹</span> 
     </span>
    </p>
   </div>
   <div class='ocr_carea' id='block_1_4' title="bbox 374 1262 1518 1528">
    <p class='ocr_par' dir='ltr' id='par_1_4' title="bbox 374 1262 1518 1528">
     <span class='ocr_line' id='line_1_8' title="bbox 374 1262 1518 1444; baseline -0.002 -20"><span class='ocrx_word' id='word_1_38' title='bbox 374 1360 445 1428; x_wconf 92' lang='lat' dir='ltr'><strong>XII.</strong></span> <span class='ocrx_word' id='word_1_39' title='bbox 467 1262 643 1444; x_wconf 51' lang='grc' dir='ltr'>ἓιέεἶῖῖιᾙ</span> <span class='ocrx_word' id='word_1_40' title='bbox 666 1359 704 1423; x_wconf 91' lang='lat' dir='ltr'>de</span> <span class='ocrx_word' id='word_1_41' title='bbox 731 1360 844 1424; x_wconf 86' lang='lat' dir='ltr'>nature</span> <span class='ocrx_word' id='word_1_42' title='bbox 877 1377 985 1424; x_wconf 90' lang='lat' dir='ltr'>eorum</span> <span class='ocrx_word' id='word_1_43' title='bbox 1013 1376 1092 1441; x_wconf 86' lang='lat' dir='ltr'>quae</span> <span class='ocrx_word' id='word_1_44' title='bbox 1121 1360 1202 1425; x_wconf 87' lang='lat' dir='ltr'>bona</span> <span class='ocrx_word' id='word_1_45' title='bbox 1227 1362 1279 1425; x_wconf 93' lang='lat' dir='ltr'>ueI</span> <span class='ocrx_word' id='word_1_46' title='bbox 1308 1362 1389 1426; x_wconf 81' lang='lat' dir='ltr'>mela</span> <span class='ocrx_word' id='word_1_47' title='bbox 1517 1349 1518 1428; x_wconf 67' lang='lat' dir='ltr'><strong>I</strong></span> 
     </span>
     <span class='ocr_line' id='line_1_9' title="bbox 465 1462 749 1528; baseline -0.004 0"><span class='ocrx_word' id='word_1_48' title='bbox 465 1464 516 1528; x_wconf 93' lang='lat' dir='ltr'>uel</span> <span class='ocrx_word' id='word_1_49' title='bbox 539 1462 645 1528; x_wconf 89' lang='lat' dir='ltr'>media</span> <span class='ocrx_word' id='word_1_50' title='bbox 665 1464 749 1527; x_wconf 83' lang='lat' dir='ltr'>suut.</span> 
     </span>
    </p>
   </div>
   <div class='ocr_carea' id='block_1_5' title="bbox 355 1565 1518 1646">
    <p class='ocr_par' dir='ltr' id='par_1_5' title="bbox 355 1565 1518 1646">
     <span class='ocr_line' id='line_1_10' title="bbox 355 1565 1518 1646; baseline 0.003 -16"><span class='ocrx_word' id='word_1_51' title='bbox 355 1566 445 1632; x_wconf 82' lang='lat' dir='ltr'><strong>XIII.</strong></span> <span class='ocrx_word' id='word_1_52' title='bbox 468 1565 565 1646; x_wconf 81' lang='lat' dir='ltr'>Quale</span> <span class='ocrx_word' id='word_1_53' title='bbox 586 1566 702 1630; x_wconf 89' lang='lat' dir='ltr'><strong>bouum</strong></span> <span class='ocrx_word' id='word_1_54' title='bbox 729 1565 772 1629; x_wconf 91' lang='lat' dir='ltr'>sit</span> <span class='ocrx_word' id='word_1_55' title='bbox 793 1566 956 1630; x_wconf 83' lang='lat' dir='ltr'>Ieiunium.</span> <span class='ocrx_word' id='word_1_56' title='bbox 1396 1594 1418 1633; x_wconf 80' lang='lat' dir='ltr'><strong>o</strong></span> <span class='ocrx_word' id='word_1_57' title='bbox 1517 1567 1518 1570; x_wconf 71' lang='grc'>’</span> 
     </span>
    </p>
   </div>
   <div class='ocr_carea' id='block_1_6' title="bbox 335 1668 1224 1750">
    <p class='ocr_par' dir='ltr' id='par_1_6' title="bbox 335 1668 1224 1750">
     <span class='ocr_line' id='line_1_11' title="bbox 335 1668 1224 1750; baseline -0.003 -14"><span class='ocrx_word' id='word_1_58' title='bbox 335 1670 441 1735; x_wconf 91' lang='lat' dir='ltr'><strong>XIIII.</strong></span> <span class='ocrx_word' id='word_1_59' title='bbox 466 1669 555 1750; x_wconf 82' lang='lat' dir='ltr'><strong>Quod</strong></span> <span class='ocrx_word' id='word_1_60' title='bbox 578 1686 640 1732; x_wconf 93' lang='lat' dir='ltr'>nou</span> <span class='ocrx_word' id='word_1_61' title='bbox 662 1668 706 1733; x_wconf 91' lang='lat' dir='ltr'>sit</span> <span class='ocrx_word' id='word_1_62' title='bbox 726 1668 899 1750; x_wconf 73' lang='lat' dir='ltr'>principale</span> <span class='ocrx_word' id='word_1_63' title='bbox 920 1668 1036 1733; x_wconf 90' lang='lat' dir='ltr'>bonum</span> <span class='ocrx_word' id='word_1_64' title='bbox 1060 1668 1224 1733; x_wconf 89' lang='lat' dir='ltr'>ieiunium.</span> 
     </span>
    </p>
   </div>
   <div class='ocr_carea' id='block_1_7' title="bbox 375 1770 1518 1855">
    <p class='ocr_par' dir='ltr' id='par_1_7' title="bbox 375 1770 1518 1855">
     <span class='ocr_line' id='line_1_12' title="bbox 375 1770 1518 1855; baseline -0.005 -19"><span class='ocrx_word' id='word_1_65' title='bbox 375 1772 443 1838; x_wconf 89' lang='lat' dir='ltr'>XV.</span> <span class='ocrx_word' id='word_1_66' title='bbox 468 1772 555 1851; x_wconf 82' lang='lat' dir='ltr'><strong>Quod</strong></span> <span class='ocrx_word' id='word_1_67' title='bbox 577 1770 749 1853; x_wconf 78' lang='lat' dir='ltr'>principale</span> <span class='ocrx_word' id='word_1_68' title='bbox 775 1770 891 1835; x_wconf 85' lang='lat' dir='ltr'>tonum</span> <span class='ocrx_word' id='word_1_69' title='bbox 908 1788 969 1835; x_wconf 94' lang='lat' dir='ltr'>non</span> <span class='ocrx_word' id='word_1_70' title='bbox 985 1774 1111 1855; x_wconf 87' lang='lat' dir='ltr'>propter</span> <span class='ocrx_word' id='word_1_71' title='bbox 1126 1772 1259 1836; x_wconf 86' lang='lat' dir='ltr'>iuferius</span> <span class='ocrx_word' id='word_1_72' title='bbox 1275 1771 1389 1835; x_wconf 89' lang='lat' dir='ltr'>boumn</span> <span class='ocrx_word' id='word_1_73' title='bbox 1517 1771 1518 1802; x_wconf 60' lang='lat'>³</span> 
     </span>
    </p>
   </div>
   <div class='ocr_carea' id='block_1_8' title="bbox 465 1874 744 1939">
    <p class='ocr_par' dir='ltr' id='par_1_8' title="bbox 465 1874 744 1939">
     <span class='ocr_line' id='line_1_13' title="bbox 465 1874 744 1939; baseline -0.014 0"><span class='ocrx_word' id='word_1_74' title='bbox 465 1874 575 1939; x_wconf 88' lang='lat' dir='ltr'>debeat</span> <span class='ocrx_word' id='word_1_75' title='bbox 601 1875 744 1938; x_wconf 80' lang='lat' dir='ltr'>exerceri.</span> 
     </span>
    </p>
   </div>
   <div class='ocr_carea' id='block_1_9' title="bbox 360 1961 1518 2059">
    <p class='ocr_par' dir='ltr' id='par_1_9' title="bbox 360 1961 1518 2059">
     <span class='ocr_line' id='line_1_14' title="bbox 360 1961 1518 2059; baseline -0.003 -17"><span class='ocrx_word' id='word_1_76' title='bbox 360 1976 447 2043; x_wconf 89' lang='lat' dir='ltr'><strong>XVI.</strong></span> <span class='ocrx_word' id='word_1_77' title='bbox 470 1974 628 2055; x_wconf 84' lang='lat' dir='ltr'><strong>Quomodo</strong></span> <span class='ocrx_word' id='word_1_78' title='bbox 662 1991 681 2040; x_wconf 89' lang='lat' dir='ltr'>a</span> <span class='ocrx_word' id='word_1_79' title='bbox 710 1977 822 2041; x_wconf 84' lang='lat' dir='ltr'>esteris</span> <span class='ocrx_word' id='word_1_80' title='bbox 859 1975 948 2041; x_wconf 90' lang='lat' dir='ltr'>bouis</span> <span class='ocrx_word' id='word_1_81' title='bbox 984 1977 1157 2059; x_wconf 81' lang='lat' dir='ltr'>principale</span> <span class='ocrx_word' id='word_1_82' title='bbox 1195 1978 1389 2042; x_wconf 78' lang='lat' dir='ltr'>discernatur</span> <span class='ocrx_word' id='word_1_83' title='bbox 1517 1961 1518 1966; x_wconf 29' lang='lat'>¹</span> 
     </span>
    </p>
   </div>
   <div class='ocr_carea' id='block_1_10' title="bbox 308 2078 1416 3490">
    <p class='ocr_par' dir='ltr' id='par_1_10' title="bbox 308 2078 1416 3490">
     <span class='ocr_line' id='line_1_15' title="bbox 468 2078 1416 2152; baseline -0.002 -11"><span class='ocrx_word' id='word_1_84' title='bbox 468 2078 595 2145; x_wconf 88' lang='lat' dir='ltr'><strong>bouum.</strong></span> <span class='ocrx_word' id='word_1_85' title='bbox 1395 2112 1416 2152; x_wconf 69' lang='lat'>,5</span> 
     </span>
     <span class='ocr_line' id='line_1_16' title="bbox 342 2181 1045 2260; baseline 0 -12"><span class='ocrx_word' id='word_1_86' title='bbox 342 2182 444 2249; x_wconf 87' lang='lat' dir='ltr'><strong>XVII.</strong></span> <span class='ocrx_word' id='word_1_87' title='bbox 468 2181 514 2246; x_wconf 90' lang='lat' dir='ltr'>De</span> <span class='ocrx_word' id='word_1_88' title='bbox 535 2181 657 2247; x_wconf 86' lang='lat' dir='ltr'>ratione</span> <span class='ocrx_word' id='word_1_89' title='bbox 679 2186 712 2247; x_wconf 90' lang='lat' dir='ltr'>et</span> <span class='ocrx_word' id='word_1_90' title='bbox 734 2182 876 2247; x_wconf 87' lang='lat' dir='ltr'>utilitate</span> <span class='ocrx_word' id='word_1_91' title='bbox 899 2182 1017 2248; x_wconf 90' lang='lat' dir='ltr'>ieiunii.</span> <span class='ocrx_word' id='word_1_92' title='bbox 1043 2257 1045 2260; x_wconf 48' lang='grc'><strong>,</strong></span> 
     </span>
     <span class='ocr_line' id='line_1_17' title="bbox 326 2286 1149 2367; baseline -0.004 -16"><span class='ocrx_word' id='word_1_93' title='bbox 326 2286 444 2352; x_wconf 89' lang='lat' dir='ltr'><strong>XVIII.</strong></span> <span class='ocrx_word' id='word_1_94' title='bbox 467 2286 536 2351; x_wconf 90' lang='lat' dir='ltr'>Nou</span> <span class='ocrx_word' id='word_1_95' title='bbox 559 2304 683 2367; x_wconf 88' lang='lat' dir='ltr'>semper</span> <span class='ocrx_word' id='word_1_96' title='bbox 705 2302 877 2367; x_wconf 84' lang='lat' dir='ltr'>oongruum</span> <span class='ocrx_word' id='word_1_97' title='bbox 900 2305 966 2351; x_wconf 91' lang='lat' dir='ltr'>esse</span> <span class='ocrx_word' id='word_1_98' title='bbox 989 2287 1149 2352; x_wconf 80' lang='lat' dir='ltr'>Ieiunium.</span> 
     </span>
     <span class='ocr_line' id='line_1_18' title="bbox 308 2387 1386 2474; baseline -0.003 -18"><span class='ocrx_word' id='word_1_99' title='bbox 308 2389 444 2456; x_wconf 87' lang='lat' dir='ltr'><strong>XVIIII.</strong></span> <span class='ocrx_word' id='word_1_100' title='bbox 466 2389 687 2473; x_wconf 84' lang='lat' dir='ltr'>Interrogatio,</span> <span class='ocrx_word' id='word_1_101' title='bbox 732 2407 788 2454; x_wconf 88' lang='lat' dir='ltr'>our</span> <span class='ocrx_word' id='word_1_102' title='bbox 825 2390 900 2454; x_wconf 90' lang='lat' dir='ltr'>totis</span> <span class='ocrx_word' id='word_1_103' title='bbox 937 2389 1244 2474; x_wconf 79' lang='lat' dir='ltr'>Quinquagensimse</span> <span class='ocrx_word' id='word_1_104' title='bbox 1281 2387 1386 2454; x_wconf 91' lang='lat' dir='ltr'>diebus</span> 
     </span>
     <span class='ocr_line' id='line_1_19' title="bbox 464 2492 839 2559; baseline -0.005 0"><span class='ocrx_word' id='word_1_105' title='bbox 464 2494 615 2559; x_wconf 90' lang='lat' dir='ltr'>ieiunium</span> <span class='ocrx_word' id='word_1_106' title='bbox 637 2492 839 2557; x_wconf 88' lang='lat' dir='ltr'>resoluamus.</span> 
     </span>
     <span class='ocr_line' id='line_1_20' title="bbox 375 2596 1415 2680; baseline -0.007 -17"><span class='ocrx_word' id='word_1_107' title='bbox 375 2598 443 2665; x_wconf 89' lang='lat' dir='ltr'>XX.</span> <span class='ocrx_word' id='word_1_108' title='bbox 466 2596 648 2680; x_wconf 84' lang='lat' dir='ltr'>Responsio.</span> <span class='ocrx_word' id='word_1_109' title='bbox 1393 2630 1415 2671; x_wconf 54' lang='grc' dir='ltr'><strong>η</strong></span> 
     </span>
     <span class='ocr_line' id='line_1_21' title="bbox 356 2700 1385 2783; baseline -0.006 -16"><span class='ocrx_word' id='word_1_110' title='bbox 356 2701 444 2767; x_wconf 90' lang='lat' dir='ltr'><strong>XXI.</strong></span> <span class='ocrx_word' id='word_1_111' title='bbox 467 2700 688 2783; x_wconf 83' lang='lat' dir='ltr'>Interrogatio,</span> <span class='ocrx_word' id='word_1_112' title='bbox 713 2703 820 2765; x_wconf 88' lang='lat' dir='ltr'>utrum</span> <span class='ocrx_word' id='word_1_113' title='bbox 844 2701 1036 2765; x_wconf 76' lang='lat' dir='ltr'>abstinentie</span> <span class='ocrx_word' id='word_1_114' title='bbox 1051 2700 1160 2765; x_wconf 89' lang='lat' dir='ltr'>ieiunii</span> <span class='ocrx_word' id='word_1_115' title='bbox 1175 2700 1314 2765; x_wconf 82' lang='lat' dir='ltr'>relaxate</span> <span class='ocrx_word' id='word_1_116' title='bbox 1329 2717 1385 2763; x_wconf 95' lang='lat' dir='ltr'>non</span> 
     </span>
     <span class='ocr_line' id='line_1_22' title="bbox 466 2802 886 2888; baseline -0.005 -18"><span class='ocrx_word' id='word_1_117' title='bbox 466 2803 550 2870; x_wconf 87' lang='lat' dir='ltr'>obsit</span> <span class='ocrx_word' id='word_1_118' title='bbox 571 2802 707 2888; x_wconf 89' lang='lat' dir='ltr'>eorporis</span> <span class='ocrx_word' id='word_1_119' title='bbox 735 2806 886 2870; x_wconf 77' lang='lat' dir='ltr'>destituti.</span> 
     </span>
     <span class='ocr_line' id='line_1_23' title="bbox 343 2906 1385 2989; baseline -0.005 -17"><span class='ocrx_word' id='word_1_120' title='bbox 343 2906 443 2972; x_wconf 89' lang='lat' dir='ltr'><strong>XXII.</strong></span> <span class='ocrx_word' id='word_1_121' title='bbox 466 2906 636 2989; x_wconf 82' lang='lat' dir='ltr'>Responsio</span> <span class='ocrx_word' id='word_1_122' title='bbox 659 2907 697 2971; x_wconf 93' lang='lat' dir='ltr'>de</span> <span class='ocrx_word' id='word_1_123' title='bbox 719 2907 872 2973; x_wconf 87' lang='lat' dir='ltr'>seruando</span> <span class='ocrx_word' id='word_1_124' title='bbox 899 2906 1112 2973; x_wconf 86' lang='lat' dir='ltr'>oontInentiae</span> <span class='ocrx_word' id='word_1_125' title='bbox 1133 2908 1385 2989; x_wconf 83' lang='lat' dir='ltr'>temperamento.</span> 
     </span>
     <span class='ocr_line' id='line_1_24' title="bbox 326 3010 1174 3095; baseline -0.004 -19"><span class='ocrx_word' id='word_1_126' title='bbox 326 3011 445 3077; x_wconf 82' lang='lat' dir='ltr'><strong>XXIII.</strong></span> <span class='ocrx_word' id='word_1_127' title='bbox 468 3011 515 3076; x_wconf 91' lang='lat' dir='ltr'>De</span> <span class='ocrx_word' id='word_1_128' title='bbox 537 3010 718 3077; x_wconf 80' lang='lat' dir='ltr'>rosontionIs</span> <span class='ocrx_word' id='word_1_129' title='bbox 740 3014 881 3095; x_wconf 87' lang='lat' dir='ltr'>tempore</span> <span class='ocrx_word' id='word_1_130' title='bbox 901 3016 995 3095; x_wconf 82' lang='lat' dir='ltr'>etque</span> <span class='ocrx_word' id='word_1_131' title='bbox 1018 3028 1174 3076; x_wconf 85' lang='lat' dir='ltr'>mensura.</span> 
     </span>
     <span class='ocr_line' id='line_1_25' title="bbox 309 3110 1413 3199; baseline 0 -18"><span class='ocrx_word' id='word_1_132' title='bbox 309 3115 447 3181; x_wconf 88' lang='lat' dir='ltr'><strong>XXIIII.</strong></span> <span class='ocrx_word' id='word_1_133' title='bbox 470 3114 679 3199; x_wconf 84' lang='lat' dir='ltr'>InterrogsIIo</span> <span class='ocrx_word' id='word_1_134' title='bbox 723 3115 762 3180; x_wconf 91' lang='lat' dir='ltr'>de</span> <span class='ocrx_word' id='word_1_135' title='bbox 806 3115 930 3180; x_wconf 90' lang='lat' dir='ltr'>diuersa</span> <span class='ocrx_word' id='word_1_136' title='bbox 979 3114 1197 3180; x_wconf 86' lang='lat' dir='ltr'>obseruatione</span> <span class='ocrx_word' id='word_1_137' title='bbox 1249 3110 1413 3190; x_wconf 79' lang='lat' dir='ltr'>Quadra-s</span> 
     </span>
     <span class='ocr_line' id='line_1_26' title="bbox 464 3217 634 3302; baseline 0.006 -20"><span class='ocrx_word' id='word_1_138' title='bbox 464 3217 634 3302; x_wconf 82' lang='lat' dir='ltr'>geusimae.</span> 
     </span>
     <span class='ocr_line' id='line_1_27' title="bbox 345 3316 1384 3406; baseline -0.006 -19"><span class='ocrx_word' id='word_1_139' title='bbox 345 3321 444 3387; x_wconf 87' lang='lat' dir='ltr'><strong>XXV.</strong></span> <span class='ocrx_word' id='word_1_140' title='bbox 468 3320 650 3406; x_wconf 85' lang='lat' dir='ltr'>Responsio,</span> <span class='ocrx_word' id='word_1_141' title='bbox 666 3339 701 3385; x_wconf 89' lang='lat' dir='ltr'>eo</span> <span class='ocrx_word' id='word_1_142' title='bbox 716 3323 800 3403; x_wconf 89' lang='lat' dir='ltr'>quod</span> <span class='ocrx_word' id='word_1_143' title='bbox 813 3321 854 3385; x_wconf 86' lang='lat' dir='ltr'>ad</span> <span class='ocrx_word' id='word_1_144' title='bbox 869 3321 944 3386; x_wconf 84' lang='lat' dir='ltr'>anni</span> <span class='ocrx_word' id='word_1_145' title='bbox 957 3320 1094 3387; x_wconf 82' lang='lat' dir='ltr'>deotmas</span> <span class='ocrx_word' id='word_1_146' title='bbox 1107 3316 1384 3402; x_wconf 81' lang='lat' dir='ltr'>Quadrugensimse</span> 
     </span>
     <span class='ocr_line' id='line_1_28' title="bbox 465 3426 807 3490; baseline -0.009 0"><span class='ocrx_word' id='word_1_147' title='bbox 465 3426 617 3490; x_wconf 91' lang='lat' dir='ltr'>ieiunium</span> <span class='ocrx_word' id='word_1_148' title='bbox 643 3426 807 3489; x_wconf 88' lang='lat' dir='ltr'>referatur.</span> 
     </span>
    </p>
   </div>
   <div class='ocr_carea' id='block_1_11' title="bbox 328 3524 1518 3612">
    <p class='ocr_par' dir='ltr' id='par_1_11' title="bbox 328 3524 1518 3612">
     <span class='ocr_line' id='line_1_29' title="bbox 328 3524 1518 3612; baseline -0.006 -18"><span class='ocrx_word' id='word_1_149' title='bbox 328 3528 442 3595; x_wconf 90' lang='lat' dir='ltr'><strong>XXVI.</strong></span> <span class='ocrx_word' id='word_1_150' title='bbox 467 3529 628 3610; x_wconf 80' lang='lat' dir='ltr'><strong>Quomodo</strong></span> <span class='ocrx_word' id='word_1_151' title='bbox 651 3528 748 3593; x_wconf 88' lang='lat' dir='ltr'>etism</span> <span class='ocrx_word' id='word_1_152' title='bbox 768 3526 926 3612; x_wconf 76' lang='lat' dir='ltr'>primitias</span> <span class='ocrx_word' id='word_1_153' title='bbox 941 3528 1064 3592; x_wconf 89' lang='lat' dir='ltr'>nostres</span> <span class='ocrx_word' id='word_1_154' title='bbox 1080 3527 1206 3592; x_wconf 91' lang='lat' dir='ltr'><strong>domiuo</strong></span> <span class='ocrx_word' id='word_1_155' title='bbox 1221 3524 1383 3591; x_wconf 84' lang='lat' dir='ltr'>debeamus</span> <span class='ocrx_word' id='word_1_156' title='bbox 1517 3591 1518 3598; x_wconf 56' lang='lat'><strong>.</strong></span> 
     </span>
    </p>
   </div>
   <div class='ocr_carea' id='block_1_12' title="bbox 465 3632 1412 3697">
    <p class='ocr_par' dir='ltr' id='par_1_12' title="bbox 465 3632 1412 3697">
     <span class='ocr_line' id='line_1_30' title="bbox 465 3632 1412 3697; baseline -0.002 -1"><span class='ocrx_word' id='word_1_157' title='bbox 465 3632 581 3697; x_wconf 85' lang='lat' dir='ltr'>offerre.</span> <span class='ocrx_word' id='word_1_158' title='bbox 1389 3653 1412 3694; x_wconf 77' lang='lat' dir='ltr'>s</span> 
     </span>
    </p>
   </div>
   <div class='ocr_carea' id='block_1_13' title="bbox 259 3951 1382 4453">
    <p class='ocr_par' dir='ltr' id='par_1_13' title="bbox 259 3951 1382 4453">
     <span class='ocr_line' id='line_1_31' title="bbox 311 3951 1382 4024; baseline 0.002 -18"><span class='ocrx_word' id='word_1_159' title='bbox 311 3952 329 4006; x_wconf 77' lang='lat'><strong>2</strong></span> <span class='ocrx_word' id='word_1_160' title='bbox 346 3952 498 4020; x_wconf 86' lang='lat' dir='ltr'>peruolaret</span> <span class='ocrx_word' id='word_1_161' title='bbox 515 3952 570 4008; x_wconf 92' lang='lat' dir='ltr'>FO</span> <span class='ocrx_word' id='word_1_162' title='bbox 671 3954 688 4009; x_wconf 79' lang='grc'><strong>5</strong></span> <span class='ocrx_word' id='word_1_163' title='bbox 706 3969 776 4023; x_wconf 91' lang='lat' dir='ltr'>quur</span> <span class='ocrx_word' id='word_1_164' title='bbox 791 3953 845 4009; x_wconf 90' lang='lat' dir='ltr'>FO</span> <span class='ocrx_word' id='word_1_165' title='bbox 941 3954 1197 4023; x_wconf 74' lang='lat' dir='ltr'>quinquagensimo</span> <span class='ocrx_word' id='word_1_166' title='bbox 1214 3954 1232 4024; x_wconf 79' lang='grc' dir='ltr'>β</span> <span class='ocrx_word' id='word_1_167' title='bbox 1249 3951 1382 4022; x_wconf 51' lang='grc' dir='ltr'>(μὴν</span> 
     </span>
     <span class='ocr_line' id='line_1_32' title="bbox 259 4037 1382 4109; baseline 0 -18"><span class='ocrx_word' id='word_1_168' title='bbox 259 4037 436 4107; x_wconf 78' lang='lat' dir='ltr'>quiuqusges.</span> <span class='ocrx_word' id='word_1_169' title='bbox 458 4037 541 4093; x_wconf 90' lang='lat' dir='ltr'>BFO</span> <span class='ocrx_word' id='word_1_170' title='bbox 562 4040 688 4107; x_wconf 77' lang='lat' dir='ltr'>(passius)</span> <span class='ocrx_word' id='word_1_171' title='bbox 793 4041 810 4093; x_wconf 84' lang='lat'><strong>6</strong></span> <span class='ocrx_word' id='word_1_172' title='bbox 833 4039 1038 4109; x_wconf 69' lang='lat' dir='ltr'>ieiunareturd</span> <span class='ocrx_word' id='word_1_173' title='bbox 1140 4040 1171 4093; x_wconf 88' lang='lat' dir='ltr'>iu</span> <span class='ocrx_word' id='word_1_174' title='bbox 1194 4039 1317 4094; x_wconf 82' lang='lat' dir='ltr'>oratione</span> <span class='ocrx_word' id='word_1_175' title='bbox 1336 4050 1382 4091; x_wconf 78' lang='lat' dir='ltr'>oss</span> 
     </span>
     <span class='ocr_line' id='line_1_33' title="bbox 262 4122 1382 4193; baseline -0.003 -14"><span class='ocrx_word' id='word_1_176' title='bbox 262 4122 285 4179; x_wconf 91' lang='lat'><em>0</em></span> <span class='ocrx_word' id='word_1_177' title='bbox 387 4123 597 4180; x_wconf 64' lang='lat' dir='ltr'>seuuemo</span> <span class='ocrx_word' id='word_1_178' title='bbox 700 4125 883 4181; x_wconf 86' lang='lat' dir='ltr'>13debst0</span> <span class='ocrx_word' id='word_1_179' title='bbox 985 4125 1171 4180; x_wconf 62' lang='lat' dir='ltr'>resson*</span> <span class='ocrx_word' id='word_1_180' title='bbox 1272 4124 1382 4193; x_wconf 74' lang='lat' dir='ltr'>laques</span> 
     </span>
     <span class='ocr_line' id='line_1_34' title="bbox 260 4206 1380 4281; baseline 0.001 -17"><span class='ocrx_word' id='word_1_181' title='bbox 260 4208 315 4265; x_wconf 88' lang='grc' dir='ltr'>ΒΟ</span> <span class='ocrx_word' id='word_1_182' title='bbox 415 4210 653 4279; x_wconf 79' lang='lat' dir='ltr'>quinquagesimae</span> <span class='ocrx_word' id='word_1_183' title='bbox 671 4210 729 4265; x_wconf 88' lang='lat' dir='ltr'>BF</span> <span class='ocrx_word' id='word_1_184' title='bbox 754 4212 954 4281; x_wconf 77' lang='lat' dir='ltr'>quiuquagiuts</span> <span class='ocrx_word' id='word_1_185' title='bbox 973 4212 1039 4281; x_wconf 66' lang='lat' dir='ltr'>Ode</span> <span class='ocrx_word' id='word_1_186' title='bbox 1141 4210 1177 4265; x_wconf 77' lang='lat'>20</span> <span class='ocrx_word' id='word_1_187' title='bbox 1194 4209 1335 4281; x_wconf 71' lang='lat' dir='ltr'>Responsio</span> <span class='ocrx_word' id='word_1_188' title='bbox 1350 4206 1380 4259; x_wconf 77' lang='lat' dir='ltr'>de</span> 
     </span>
     <span class='ocr_line' id='line_1_35' title="bbox 260 4292 1380 4366; baseline 0.004 -19"><span class='ocrx_word' id='word_1_189' title='bbox 260 4294 396 4363; x_wconf 82' lang='lat' dir='ltr'>ipsuhto</span> <span class='ocrx_word' id='word_1_190' title='bbox 498 4294 531 4349; x_wconf 83' lang='lat'>21</span> <span class='ocrx_word' id='word_1_191' title='bbox 550 4295 714 4366; x_wconf 73' lang='lat' dir='ltr'>abstinentie</span> <span class='ocrx_word' id='word_1_192' title='bbox 732 4297 759 4352; x_wconf 89' lang='grc' dir='ltr'><strong><em>Β</em></strong></span> <span class='ocrx_word' id='word_1_193' title='bbox 863 4297 899 4352; x_wconf 73' lang='lat'>24</span> <span class='ocrx_word' id='word_1_194' title='bbox 916 4297 1073 4353; x_wconf 77' lang='lat' dir='ltr'>refectiones</span> <span class='ocrx_word' id='word_1_195' title='bbox 1092 4296 1134 4350; x_wconf 82' lang='lat' dir='ltr'>K¹</span> <span class='ocrx_word' id='word_1_196' title='bbox 1234 4295 1269 4351; x_wconf 77' lang='lat'>25</span> <span class='ocrx_word' id='word_1_197' title='bbox 1286 4294 1336 4365; x_wconf 60' lang='grc' dir='ltr'>πίῃ</span> <span class='ocrx_word' id='word_1_198' title='bbox 1352 4292 1380 4359; x_wconf 67' lang='lat' dir='ltr'>(t</span> 
     </span>
     <span class='ocr_line' id='line_1_36' title="bbox 260 4379 896 4453; baseline 0.009 -20"><span class='ocrx_word' id='word_1_199' title='bbox 260 4397 283 4433; x_wconf 81' lang='lat' dir='ltr'>r.</span> <span class='ocrx_word' id='word_1_200' title='bbox 301 4379 527 4449; x_wconf 76' lang='lat' dir='ltr'>quedrsgesImas)</span> <span class='ocrx_word' id='word_1_201' title='bbox 546 4381 577 4436; x_wconf 93' lang='lat' dir='ltr'><strong><em>F</em></strong></span> <span class='ocrx_word' id='word_1_202' title='bbox 675 4382 710 4437; x_wconf 80' lang='lat' dir='ltr'>‘Io</span> <span class='ocrx_word' id='word_1_203' title='bbox 727 4383 763 4438; x_wconf 83' lang='lat' dir='ltr'>sd</span> <span class='ocrx_word' id='word_1_204' title='bbox 780 4399 831 4439; x_wconf 76' lang='lat' dir='ltr'>oss.</span> <span class='ocrx_word' id='word_1_205' title='bbox 851 4383 896 4453; x_wconf 85' lang='grc' dir='ltr'>Οβ</span> 
     </span>
    </p>
   </div>
   <div class='ocr_carea' id='block_1_14' title="bbox 0 0 1550 4967">
    <p class='ocr_par' dir='ltr' id='par_1_14' title="bbox 0 0 1550 4967">
     <span class='ocr_line' id='line_1_37' title="bbox 0 0 1550 4967; baseline 0 3"><span class='ocrx_word' id='word_1_206' title='bbox 0 0 1550 4967; x_wconf 95' lang='lat' dir='ltr'> </span> 
     </span>
    </p>
   </div>
  </div>
 </body>
</html>
