3092 4967
540 499 702 554 Conlatio
725 499 815 566 XVII,
832 500 908 554 5-8.
1221 499 1285 566 469

164 687 265 756 soletur
297 690 412 756 mentis
445 708 481 756 ao
513 686 664 774 propositi
698 688 902 764 districtione,
935 687 990 752 sed
1024 688 1119 754 etiam
1149 688 1286 756 locorum

164 795 319 859 oredimus
341 790 489 859 benetioio
511 792 723 876 patrocinante
750 791 893 858 conferri.
931 792 1011 858 unde
1027 809 1088 856 non
1104 789 1284 856 dubitamus

164 897 202 962 sd
232 897 417 966 imitandam
447 895 645 978 perfectionis
676 895 800 960 nostae
821 893 1086 978 magnificentiam
1108 895 1187 960 bano
1209 912 1286 976 queo

163 1001 276 1067 cursim
313 998 450 1065 traditur
486 999 656 1064 doctrinam
694 1017 755 1063 non
792 1015 882 1080 posse
918 995 1067 1071 sufficere,
1105 998 1165 1062 nisi
1197 995 1286 1061 nobis

142 1102 261 1168 setiam
297 1103 535 1168 conmorotionis
570 1101 669 1185 ipsios
711 1101 869 1167 adfuerint
914 1101 1103 1176 adiumenta,
1141 1099 1288 1182 longique

161 1206 313 1287 temporis
334 1204 469 1272 eruditio
491 1205 647 1272 cotidiana
670 1205 870 1270 institutione
893 1207 1048 1286 torporem
1072 1205 1171 1270 nostri
1186 1203 1287 1268 cordis

161 1310 333 1390 utcumque
355 1307 545 1374 discusserit

209 1429 297 1496 11111.
320 1447 460 1496 rossus:
484 1429 601 1495 Sanum
622 1429 748 1514 quidem
771 1433 821 1494 est
844 1433 937 1512 atque
961 1428 1134 1511 perfeetum
1150 1429 1287 1492 nostroe-

161 1552 223 1616 qne
253 1533 435 1615 professioni
466 1535 590 1598 omnino
624 1534 820 1616 conueniens,
854 1535 891 1597 nt
920 1551 956 1597 ea
985 1548 1063 1614 qnae
1094 1533 1151 1596 snb
1183 1530 1288 1614 aliqua

129 1637 328 1718 responsione
364 1638 556 1702 deceruimus
593 1635 759 1702 efficaciter
791 1635 977 1719 inpleamus.
1021 1637 1059 1700 ob
1096 1653 1189 1717 qnam
1223 1652 1288 1699 rem

160 1739 243 1804 nibil
276 1741 397 1822 oportet
428 1739 561 1822 abrupte
594 1739 781 1822 monachum
813 1741 950 1817 definire,
986 1757 1025 1803 ne
1060 1744 1115 1805 aut
1144 1738 1176 1803 id
1207 1738 1288 1819 qnod

161 1842 288 1907 incaute
310 1842 456 1926 promisit
476 1843 595 1926 inploro
622 1844 752 1927 cogatur
773 1848 829 1910 aut
844 1843 1089 1909 consideratione
1103 1841 1287 1908 honestioris

160 1945 297 2012 intuitus
321 1949 483 2012 reuocatus
505 1947 678 2028 sponsionis
705 1963 781 2011 suae
809 1948 1038 2029 praeuaricator
1061 1946 1197 2012 exsistat.
1235 1944 1318 2016 sed2

160 2047 236 2130 qnia
264 2067 347 2114 nunc
375 2049 567 2133 propositum
595 2048 686 2114 nobis
715 2053 763 2114 est
791 2067 851 2114 nou
874 2052 940 2114 tum
968 2051 1005 2114 de
1032 2048 1175 2116 sanitatis
1203 2048 1288 2112 stetu

127 2171 257 2234 uquam
279 2154 317 2218 de
340 2153 534 2218 infirmitatis
555 2153 714 2220 curatione
730 2157 875 2231 tractare,
903 2171 963 2216 non
979 2152 1054 2234 quid
1070 2153 1204 2233 primore
1218 2151 1285 2216 loco

159 2275 180 2322 a
214 2255 303 2322 uobis
340 2256 436 2322 fuant
469 2256 677 2330 actitandum,
711 2257 766 2321 sed
799 2255 1058 2336 quemadmodum
1092 2255 1130 2319 de
1163 2255 1288 2337 scopulo

159 2357 256 2424 buius
277 2357 442 2441 perniciosi
464 2358 619 2442 naufragii
645 2358 771 2442 possitis
794 2358 924 2422 euadere
946 2357 1065 2422 salubri
1087 2360 1136 2422 ost
1158 2355 1287 2422 conulio
1351 2367 1355 2374 '

158 2461 396 2543 requirendum.
433 2462 555 2542 quando
577 2477 649 2542 ergo
679 2460 802 2526 nultum
826 2477 880 2524 nos
904 2463 1024 2524 coartet
1048 2460 1208 2526 uinculum
1231 2476 1288 2525 nec

159 2564 303 2630 condicio
330 2564 398 2630 nlla
427 2564 622 2645 constringit.
653 2565 691 2628 de
717 2564 934 2646 conparatione
957 2563 1162 2628 secundarum
1185 2581 1286 2628 rerum

126 2667 288 2748 coptione
316 2668 475 2750 proposita
501 2668 534 2732 id
563 2667 646 2749 qnod
674 2667 800 2732 maioris
829 2670 879 2731 est
907 2669 1048 2732 conmodi
1076 2667 1286 2747 praelegstnr:

159 2768 287 2853 qnando
316 2786 390 2834 neno
421 2769 527 2851 abque
548 2769 778 2852 dispendiorum
805 2769 931 2834 obsistit
952 2771 1136 2852 aduersitas,
1159 2769 1193 2836 in
1216 2787 1288 2834 con-

158 2873 324 2957 paratione
357 2873 540 2938 damnorum
574 2871 655 2938 illud
686 2879 734 2936 est
765 2872 973 2954 adpetendum
1008 2873 1099 2955 quod'
1120 2872 1288 2938 leuioribus

160 2975 304 3042 subisset
319 2974 523 3045 detrimentis.
547 2976 675 3058 proinde
690 2978 843 3059 qnantum
859 2981 963 3040 uestra
977 2977 1127 3059 patefecit
1143 2975 1318 3058 adsertio‚3

160 3096 237 3148 cnm
258 3078 299 3142 od
321 3079 352 3144 id
375 3096 430 3142 nos
452 3077 514 3142 loci
536 3078 661 3160 sponsio
684 3079 860 3146 inconsulta
882 3081 1069 3163 perduxerit,
1092 3081 1129 3142 ut
1150 3097 1186 3142 en
1203 3084 1286 3142 utro·

125 3201 222 3266 usqne
255 3180 346 3246 uobis
379 3182 485 3264 grsuis
516 3182 692 3249 inconmodi
725 3182 887 3248 subeunda
919 3185 1040 3248 iactura
1072 3185 1122 3260 sit,
1156 3183 1191 3247 in
1219 3199 1288 3245 eam

159 3290 286 3369 partem
307 3285 518 3377 inclinandum
537 3288 590 3350 est
610 3286 774 3351 electionis
802 3286 978 3366 arbitrium,
1001 3303 1079 3369 qnae
1102 3286 1153 3351 uel
1175 3285 1289 3350 tolero-

159 3389 275 3456 biliora
296 3387 593 3470 dispondiainferat
615 3389 666 3454 nol
688 3389 912 3455 satisfactionis
934 3389 1071 3455 remedio
1093 3388 1218 3454 facilins
1235 3408 1287 3453 ex-

159 3493 277 3574 pietur.
311 3492 339 3555 si
355 3508 429 3574 ergo
444 3491 563 3556 maiora
578 3493 702 3574 spiritui
717 3495 821 3558 nestro
836 3493 926 3584 lucra
938 3513 974 3557 ex
990 3493 1048 3570 bac
1061 3493 1288 3564 conmoratioue

161 3593 291 3659 creditis
314 3593 498 3659 conferenda
520 3612 615 3677 quam
637 3594 696 3660 iila
711 3597 785 3660 sunt
801 3613 880 3677 quae
896 3594 986 3662 uobis
1003 3597 1040 3661 ds
1056 3597 1289 3663 conuersatione

124 3696 251 3761 soillins
287 3697 426 3761 coenobii
466 3697 681 3776 nascebantur,
720 3717 818 3781 neque
854 3699 921 3764 sine
958 3699 1078 3764 iactura
1113 3700 1289 3784 ingentium

215 4073 423 4130 ldostrictione
441 4075 545 4128 ΣΠὈ
574 4075 752 4144 descriptione
770 4079 795 4128 Y
894 4077 1040 4132 4snfferrs
1058 4080 1086 4136 Σ
1188 4079 1288 4132 6cott.

163 4161 187 4211 Φ
289 4160 439 4216 instntione
463 4161 493 4212 Π
596 4161 629 4216 13
651 4165 850 4229 praeuaoaritor
872 4163 911 4215 11ι
1014 4165 1112 4224 orista
1133 4165 1220 4218 ΠΤΟ

157 4251 222 4314 post
240 4246 336 4300 existo
354 4247 386 4299 in
403 4247 494 4323 Tacts
522 4246 607 4320 v1111
705 4249 739 4304 15
756 4247 845 4316 priore
863 4251 907 4304 Po
1010 4251 1041 4304 16
1059 4249 1162 4318 scopolo
1179 4249 1219 4301 Πι

162 4332 193 4384 17
206 4331 308 4400 potnit.
319 4331 355 4392 Π,
425 4331 456 4386 19
468 4331 656 4386 conditioiit'
727 4334 760 4388 21
774 4337 802 4388 in
816 4337 904 4390 om
976 4335 1221 4405 wapotendnmii

160 4417 192 4470 27
212 4415 409 4470 satisfactiones
426 4417 465 4467 11¹
568 4419 602 4472 29
619 4418 730 4473 credetis
747 4421 786 4471 11¹
891 4421 926 4476 30
942 4421 1123 4491 indigentium
1142 4423 1170 4476 Σ
