3092 4967
251 481 297 548 58
647 477 813 533 Iohannis
830 476 990 532 Cassiani

258 670 392 735 remedia
413 666 579 733 uulnerum
601 667 653 732 nel
674 666 817 749 exempla
838 666 1082 735 conuersationis
1100 686 1137 733 ae
1150 666 1236 732 uitae
1250 666 1382 734 lidueia·

256 772 330 836 liter
366 773 456 836 sumi.
497 770 529 835 in
563 770 675 853 quibus
706 786 814 852 parem
847 788 937 853 opem
967 774 999 835 st
1024 769 1161 836 similem
1190 770 1382 853 experiemur

254 874 410 957 effoetum,
430 874 457 938 ei
474 873 551 939 nihil
566 874 692 955 penitus
707 872 853 939 affectare
868 875 973 939 nostro
989 874 1105 939 iuditio
1120 892 1157 939 ao
1171 874 1382 957 praesumpti·

222 962 232 1027 Ῑ
255 996 313 1043 one
335 980 536 1061 temptemus,

300 1098 405 1165 111111.
428 1097 567 1180 Denique
589 1096 622 1161 in
644 1099 769 1162 tantum
787 1096 904 1179 pleoita
919 1097 976 1162 leo
991 1096 1066 1162 lraee
1081 1098 1236 1162 sententie
1251 1114 1381 1179 oonpro·
1401 1118 1415 1159 s
1527 1073 1528 1076 ¹

256 1201 357 1287 batur,
380 1205 416 1267 ut
438 1200 533 1266 etiam
563 1198 726 1285 seripturis
753 1201 871 1264 sanetis
893 1199 973 1265 hane
996 1203 1125 1266 eandem
1147 1199 1380 1266 institutionem
1528 1201 1529 1204 ’

255 1322 316 1369 non
346 1304 442 1369 otiose
472 1306 682 1387 repperiamus
711 1302 873 1379 insortam,
900 1303 948 1368 ita
969 1305 1008 1368 ut
1028 1322 1159 1386 puerum
1181 1301 1381 1368 Samuhelem

253 1407 371 1473 intioio
394 1407 582 1488 praelectum
604 1423 659 1471 suo
682 1406 781 1471 nollet
804 1406 1096 1489 persemetipsum
1110 1405 1211 1471 diuini
1226 1406 1381 1489 eonloquii

252 1509 419 1593 disciplina
451 1509 594 1575 dominus
628 1508 758 1588 erudire,
793 1511 848 1574 sed
879 1526 1039 1575 recurrere
1070 1507 1166 1574 semel
1199 1512 1232 1573 et
1264 1508 1380 1574 iterum

253 1616 413 1697 pateretur
435 1613 475 1677 all
496 1630 612 1693 senem,
636 1630 767 1694 eumque
782 1610 822 1676 ad
837 1629 929 1677 snum
944 1628 1036 1693 quem
1051 1611 1185 1677 uooabat
1200 1610 1380 1693 edloquinm
1390 1632 1415 1673 ιο

252 1716 349 1781 etiam
378 1715 464 1779 illius
494 1717 547 1797 qui
569 1714 741 1779 offenderet
763 1717 864 1797 deum,
887 1712 1055 1780 dummodo
1077 1713 1216 1791 senioris,
1240 1713 1380 1779 doetrine

254 1819 352 1885 uellet
380 1816 516 1893 institui,
541 1820 572 1881 et
595 1835 687 1899 quem
706 1835 764 1881 sna
785 1819 950 1883 noeatioue
972 1816 1195 1901 dignissimum
1216 1816 1380 1891 inditas-at,

252 1921 381 1988 senioris
415 1922 524 1986 mallet
553 1919 752 1985 institutione
781 1920 919 1999 formari,
948 1924 987 1985 ut
1015 1920 1139 1985 soilioet
1163 1922 1196 1985 et
1217 1919 1304 1985 illius
1326 1921 1380 2002 qni

251 2026 293 2090 ad
326 2024 469 2089 diuinum
502 2021 712 2088 ministerium
742 2022 913 2088 nocebatur
942 2025 1126 2106 probaretur
1155 2023 1321 2088 humilitas
1348 2023 1381 2086 et

253 2128 425 2194 iunioribus
448 2126 548 2191 torma
570 2124 770 2193 subiectionis
791 2124 884 2191 huius
907 2127 1128 2208 proponeretur
1150 2125 1301 2207 exemplo.
1389 2150 1415 2192 ιε

294 2248 362 2313 XV.
393 2248 524 2314 Paulum
553 2264 673 2331 quoque
695 2266 749 2330 per
770 2249 872 2312 semet
893 2248 996 2331 ipsum
1019 2265 1134 2313 noeane
1157 2248 1188 2312 et
1211 2247 1379 2329 adloquens

214 2414 219 2423 ,
253 2350 405 2431 Christus,
437 2369 508 2417 cum
534 2351 638 2433 posset
664 2352 693 2416 ei
714 2349 915 2434 perfeetionis
938 2352 1024 2416 uiam
1046 2368 1181 2416 reserare
1204 2350 1379 2427 confestim,

250 2456 383 2539 dirigere
412 2454 452 2520 ad
482 2454 659 2521 Annaniam
692 2453 816 2520 mauult
844 2455 877 2518 et
898 2452 938 2517 ab
961 2472 996 2518 eo
1019 2454 1106 2519 iubet
1127 2454 1213 2519 niam
1236 2453 1379 2519 ueritatis

250 2576 418 2643 agnoscere
435 2557 559 2622 dicens:
576 2574 696 2639 surge
719 2561 758 2620 et
780 2556 995 2639 ingredere
1018 2556 1245 2632 ciuitatem,
1269 2555 1379 2621 etibi

251 2658 333 2726 tibi
362 2659 524 2725 dicetur
553 2658 648 2742 qnid
677 2663 713 2723 te
742 2661 934 2740 oportent
963 2659 1105 2724 faeere.
1144 2659 1243 2724 mittit
1272 2660 1414 2743 itaqueso

251 2768 283 2830 et
305 2764 388 2829 huno
410 2764 449 2828 ad
471 2763 623 2829 seniorem
644 2779 777 2844 sumque
798 2762 883 2829 illius
912 2762 1018 2844 potine
1042 2762 1184 2829 doctrina
1206 2779 1298 2844 quam
1323 2780 1379 2826 sna

251 2868 356 2934 oenset
377 2867 511 2947 institui,
539 2886 578 2931 ne
600 2867 729 2944 seilicet,
753 2866 834 2950 quod
858 2870 942 2932 reete
957 2869 1081 2951 gestum
1095 2866 1208 2932 fuisset
1222 2866 1254 2930 in
1271 2863 1379 2945 Paulo,

251 2970 381 3054 posteris
403 2971 520 3036 malum
537 2970 795 3053 praesumptionis
815 2971 977 3054 praeberet
993 2968 1178 3051 exemplum,
1196 2971 1270 3034 dum
1285 2984 1380 3032 unus·

251 3076 378 3157 quisque
401 3074 527 3141 sibimet
549 3072 746 3157 persuaderet
769 3072 867 3138 simili
890 3074 982 3138 modo
1004 3092 1037 3138 se
1059 3089 1181 3154 qnoque
1204 3070 1314 3136 dobere
1329 3068 1379 3134 dei

251 3177 347 3242 solius
371 3177 552 3261 magisterio
575 3180 669 3258 atque
691 3175 834 3241 doctina
861 3175 966 3260 potins
988 3192 1083 3259 qnam
1105 3174 1262 3240 seniorum
1285 3170 1414 3239 insti-ss

219 3280 372 3348 2tutione
402 3280 538 3345 formari.
575 3297 668 3362 quam
697 3278 982 3365 praesumptionem
1010 3277 1107 3342 etiam
1129 3276 1197 3359 ipse
1219 3275 1378 3357 apostolus

251 3402 312 3449 non
334 3384 434 3448 solum
456 3382 585 3459 litteris,
611 3383 662 3447 sed
685 3381 783 3447 etiem
805 3398 894 3461 opere
909 3380 1005 3462 atque
1020 3380 1159 3463 exemplo
1174 3381 1263 3445 docet
1277 3380 1377 3444 omni·

251 3484 350 3551 modis
361 3485 586 3565 detestandam,
601 3486 639 3551 ob
652 3484 711 3550 hoo
721 3482 916 3551 solummodo
928 3501 961 3551 ee
972 3482 1118 3552 adserens
1129 3482 1379 3567 Hierosolymam

354 3694 594 3764 sosarmus
698 3694 886 3761 release

303 3889 515 3946 loonuarsionis
535 3889 575 3946 W
676 3888 856 3944 remmio
956 3888 1165 3944 emenso
1260 3889 1380 3944 tetiam

249 3980 279 4032 in
304 3976 357 4032 De
460 3974 550 4029 melem
576 3973 617 4029 D¹
723 3975 739 4029 7
765 3975 911 4030 samuelem
935 3974 1005 4032 WX
1105 3974 1218 4031 amur
1243 3990 1276 4029 aa
1299 3974 1380 4031 nollit

254 4062 293 4118 W
395 4061 428 4114 10
453 4076 532 4130 quem
559 4061 603 4116 D:
633 4059 704 4129 quod
732 4061 797 4117 WO
899 4077 979 4130 quem
1002 4060 1037 4115 ad
1058 4076 1138 4115 snam
1160 4062 1202 4126 (ta
1217 4076 1276 4117 rur.
1296 4078 1332 4115 m.
1347 4062 1380 4128 2)

250 4148 301 4204 Xe
389 4148 418 4201 11
437 4146 545 4204 dotrina
563 4145 643 4201 uellit
665 4145 700 4201 W
792 4146 826 4201 la
843 4146 975 4202 iudiearet
989 4146 1020 4201 D
1112 4145 1252 4201 samalus
1276 4144 1310 4200 W

251 4234 283 4288 l‘l
306 4232 392 4301 pessit
413 4232 497 4289 D¹W
600 4233 634 4286 18
656 4230 701 4301 ad]
719 4232 796 4288 uto
898 4233 1025 4289 ananiam
1044 4232 1101 4289 ΟΧ
1201 4233 1264 4287 uult
1281 4230 1311 4286 D

250 4317 337 4388 magis
355 4318 417 4374 uult
437 4318 486 4375 W¹
588 4317 735 4387 asiaque
752 4332 788 4373 er
803 4333 887 4388 equae
908 4318 947 4375 W
1046 4318 1082 4374 28
1103 4318 1302 4373 hierosoliman
1318 4318 1381 4375 DX

250 4404 448 4458 hierusolimam
469 4404 509 4459 W
535 4402 736 4459 iherosolimam
756 4401 781 4458 0
