3092 4967
321 479 385 546 566
711 478 876 533 Iohannis
894 476 1060 533 Cassiani

322 669 445 750 penitus
466 686 528 733 uon
544 669 675 750 oportet,
693 670 768 751 quin
786 668 883 733 immo
898 670 926 733 si
942 668 1095 734 uiolenter
1107 668 1287 752 obrepserit,
1304 669 1431 751 protinus

321 772 513 837 extrudatur.
548 772 686 837 multum
708 788 844 853 namque
864 772 998 838 retrahit
1026 776 1167 837 mentem
1188 791 1208 837 a
1230 772 1432 855 contemplati·

320 893 376 941 one
405 875 563 959 puritatis,
593 875 660 941 eins
688 876 854 959 praecipue
883 876 938 959 qni
965 875 1000 940 in
1027 874 1195 943 solitudine
1228 880 1432 949 commoratur,

319 976 474 1062 inplicans
512 996 580 1043 eam
614 977 755 1043 sordibus
788 978 899 1043 muudi
931 978 1025 1044 buius
1058 981 1089 1043 et
1121 976 1304 1062 praefocans
1333 978 1433 1043 laetora

318 1082 477 1148 uitiorum.
516 1084 591 1147 dum
625 1082 709 1146 enim
743 1080 855 1147 recolis
889 1100 934 1163 ea,
967 1100 1045 1165 quae
1079 1081 1250 1147 secuudum
1278 1082 1458 1164 principetur

319 1186 434 1251 saeculi
463 1184 554 1251 buius
581 1204 636 1267 per
663 1185 874 1269 ignorantiam
908 1205 962 1251 sen
996 1186 1160 1251 lasciuiam
1193 1186 1373 1269 conmisisti,
1402 1187 1432 1250 ut

319 1289 486 1355 concedam
507 1289 568 1354 tibi
591 1288 673 1371 quod
694 1290 728 1353 in
750 1288 810 1354 bac
833 1289 1021 1373 cogitatione
1043 1290 1146 1371 posito
1167 1288 1337 1355 oblectatio
1355 1289 1432 1353 nulls
1515 1315 1516 1370 r

319 1392 476 1476 subrepat,
502 1398 590 1483 ⁸certe
619 1394 766 1475 antiquae
795 1392 971 1475 putredinis
993 1394 1044 1457 uel
1068 1392 1135 1457 sola
1157 1392 1302 1473 contagio
1324 1410 1430 1457 necess

319 1501 367 1562 est
389 1500 424 1561 ut
440 1500 541 1562 taetro
558 1500 697 1561 mentem
713 1496 830 1561 faetore
851 1500 1036 1579 conrumpat
1050 1497 1081 1560 et
1096 1496 1275 1578 spiritalem
1290 1496 1430 1560 uirtutum
1515 1519 1516 1586 }

289 1600 534 1685 tiragrautiam
563 1600 595 1666 id
629 1603 676 1664 est
711 1600 899 1664 suauitatem
932 1599 1004 1665 boui
1036 1599 1138 1663 odoris
1172 1599 1328 1664 excludat.
1369 1616 1455 1663 cumo
1515 1629 1516 1678 3

318 1721 389 1788 ergo
420 1702 657 1787 praeteritorum
687 1704 838 1767 momoria
866 1703 1017 1767 uitiorum
1038 1703 1215 1785 pulsauerit
1237 1719 1370 1780 sensum,
1389 1701 1429 1764 ita
1515 1735 1516 1774 2

318 1808 357 1871 ab
379 1824 416 1871 ea
436 1806 637 1871 resiliendum
661 1810 718 1883 est,
742 1807 825 1871 sicut
848 1804 966 1887 refugit
988 1806 1038 1869 uir
1059 1804 1208 1869 honestus
1231 1808 1264 1869 et
1278 1803 1427 1887 granissi

318 1909 482 1991 inpudicae
512 1926 547 1973 ac
577 1908 715 1989 procacis
745 1908 878 1974 feminae
908 1910 942 1973 in
968 1908 1092 1991 publico
1116 1915 1172 1973 aut
1193 1910 1363 1991 conloquiis
1381 1910 1428 1972 ant
1515 1915 1516 1998 ᾗ

319 2010 511 2092 amplexibus
549 2012 723 2093 adpetitur.
768 2013 823 2094 qui
856 2011 964 2094 utique
1000 2012 1060 2078 uisi
1092 2032 1125 2077 se
1153 2030 1172 2075 a
1199 2014 1343 2077 contactu
1372 2012 1428 2074 eins
1515 2063 1516 2098 ἶ

317 2114 448 2180 festinus
486 2114 671 2179 abstraxerit
704 2120 735 2179 et
772 2116 823 2180 nel
859 2115 1079 2180 breuissimam
1108 2134 1230 2181 moram
1261 2115 1455 2181 inhonestaea

319 2217 580 2283 contabulationis
604 2217 776 2293 admiserit,
799 2218 923 2283 etiamsi
938 2234 1121 2283 consensum
1137 2219 1301 2302 pudendae
1315 2218 1428 2300 respuat
1515 2295 1516 2298 Ἴ

317 2320 501 2403 uoluptatis,
525 2319 673 2385 infamiae
695 2322 801 2384 tamen
823 2338 859 2385 ac
873 2320 1123 2401 reprehensionis
1138 2326 1247 2387 uotam
1263 2324 1428 2387 crudorum
1515 2349 1516 2366 ι

288 2424 582 2508 3praetereuntium
617 2422 732 2488 indicio
768 2440 830 2487 nou
867 2422 990 2487 euadet
1034 2424 1081 2488 ita
1116 2422 1217 2507 igitm
1254 2422 1347 2489 etiam
1379 2438 1426 2484 uos
1515 2441 1516 2462 ¹

317 2528 447 2611 oportet,
485 2546 556 2592 cum
589 2525 739 2591 fuerimus
773 2525 813 2590 ad
848 2525 1022 2591 huiusmodi
1056 2526 1263 2608 cogitationes
1295 2526 1427 2611 poetiiora
1515 2523 1516 2614 ξ

316 2631 529 2695 recordatione
545 2629 681 2713 deducti,
696 2630 813 2713 raptim
826 2628 868 2694 ab
884 2646 992 2693 omum
1007 2630 1270 2713 contemplatione
1287 2629 1452 2695 discederes
1515 2649 1516 2694 t

316 2735 348 2797 et
377 2731 506 2815 implere
535 2733 614 2798 illud
644 2732 725 2815 quod
755 2749 775 2797 a
804 2730 968 2797 Salomone
1001 2734 1208 2815 praecipitur:
1239 2736 1303 2799 sed
1324 2728 1425 2804 erili,
1515 2719 1516 2728 ’

316 2836 429 2919 inquit,
459 2836 540 2900 noli
570 2836 763 2901 demorari
792 2835 832 2901 in
861 2836 946 2901 loco
975 2838 1075 2920 eius,
1104 2855 1230 2920 nequo
1252 2836 1425 2902 intendas
1515 2901 1516 2904 ,

316 2939 467 3005 oculum
490 2942 597 3003 tuum
619 2940 657 3005 in
681 2956 776 3021 eam,
800 2956 838 3003 ue
859 2938 1002 3004 uidentes
1025 2956 1082 3003 uos
1104 2938 1209 3022 augeli
1231 2935 1426 3005 inmunditiae

315 3041 458 3125 turpibus
487 3040 729 3126 cogitationibus
759 3040 917 3107 inuolutos
946 3060 1008 3107 uon
1034 3041 1154 3125 possint
1176 3042 1215 3106 de
1237 3042 1328 3109 uobis
1349 3056 1425 3123 preo-
1515 3029 1516 3106 ἶ

417 3264 450 3315 ur
469 3263 546 3317 mov.
565 3266 591 3329 e,
611 3264 643 3318 rs
661 3262 754 3333 (cxx)

367 3470 507 3523 letiemsi
527 3468 604 3539 0¹do
698 3470 841 3539 inrepserit
860 3470 928 3540 Οβυ
1026 3471 1260 3528 texclndatnrO
1352 3470 1427 3522 rotro·

314 3555 361 3611 bet
386 3555 433 3626 Οβ
533 3554 676 3611 4iaetore
698 3556 727 3626 βε
758 3556 859 3612 foetore
881 3557 909 3612 B
937 3556 1022 3611 fetore
1038 3556 1092 3613 FO
1193 3557 1331 3614 tuitione
1344 3554 1372 3611 F
1515 3561 1516 3628 ξ

313 3642 330 3696 6
357 3641 415 3695 sine
440 3642 479 3712 βυ
581 3642 598 3696 8
625 3640 758 3710 subripiat
784 3642 865 3698 BFO
965 3642 1114 3712 putridinis
1137 3641 1180 3697 K¹
1284 3639 1426 3709 coniugium

316 3728 339 3784 0
440 3729 546 3783 ittetro
564 3727 642 3783 codd.
738 3728 823 3783 fetore
840 3728 922 3785 BFO
950 3729 1089 3799 foeteret
1185 3728 1319 3784 uirtutem
1334 3724 1369 3782 Βι

315 3814 348 3868 10
365 3813 535 3883 flagrantiam
554 3814 605 3884 Ββ
634 3815 812 3884 fraglantiam
829 3815 881 3871 FO
983 3815 1071 3870 odoris
1089 3815 1153 3871 boni
1170 3815 1199 3871 B
1303 3815 1333 3870 12
1351 3809 1427 3867 rasili·

313 3899 382 3954 enda
401 3898 470 3954 Bm
553 3901 588 3955 14
604 3899 711 3969 quiaO
790 3901 975 3957 contractui)
1061 3902 1093 3956 15
1111 3900 1285 3956 inhonestate
1301 3899 1368 3969 ΒΨ
1515 3919 1516 3922 ’

314 3986 347 4041 16
373 3986 544 4056 inpudendae
570 3988 632 4058 Me)
736 3988 767 4041 17
792 3988 983 4058 uoluntatis?
1084 3988 1120 4043 18
1140 3987 1324 4057 pnosuutiurn
1341 3984 1371 4039 F

313 4072 439 4143 euaditd
543 4074 575 4129 19
594 4073 628 4128 ad
648 4074 683 4131 0:
713 4074 747 4129 ab
765 4073 824 4128 BF
846 4073 911 4143 ind
1013 4072 1221 4143 cogitetioueO
1252 4067 1426 4127 reeordationis

312 4161 370 4216 BF
471 4160 507 4215 20
523 4160 716 4231 recordatione]
734 4159 900 4231 cogitatione
918 4158 976 4214 BF
990 4158 1175 4228 (metendam
1187 4164 1276 4229 pato:
1292 4157 1325 4213 ad
1341 4154 1426 4210 buim-
1515 4163 1516 4222 s

312 4248 384 4302 modi
413 4246 606 4303 reeordationis
633 4246 776 4316 pestiferas
802 4244 992 4317 cogitationes)
1125 4245 1157 4299 21
1186 4246 1320 4300 solomone
1346 4240 1368 4296 0
1515 4235 1516 4238 ’

312 4334 357 4388 sed
376 4350 426 4389 om.
444 4334 526 4389 BFO
628 4333 700 4388 exilii
723 4332 762 4387 F¹
792 4332 869 4387 exsili
888 4332 965 4386 8³2¹
1067 4330 1103 4386 22
1125 4330 1221 4400 inquid
1242 4328 1295 4385 FO
1388 4324 1425 4375 5¹·

312 4418 379 4489 figas
398 4420 430 4474 K
456 4420 568 4489 indagas
586 4420 615 4473 Ζ
714 4419 748 4473 ul
765 4418 996 4489 osptationibusss
1099 4418 1208 4488 possem
1225 4416 1265 4472 Κ·
1515 4411 1516 4416 '
