3092 4967
476 407 637 463 Conlatio
657 406 752 475 XIIII,
774 408 850 463 3-5.
1161 406 1223 473 401

121 602 175 665 onis
200 602 287 683 pium
316 599 453 665 ddmtet
473 598 664 681 obsequium,
694 616 748 681 per
770 599 852 681 qnod
875 597 972 663 etiam
993 600 1026 663 iu
1048 598 1226 680 metentis

28 790 29 793 Ἴ
119 703 263 770 Abraham
288 702 503 787 <poenosum
538 701 571 766 et
602 700 683 767 Isth
717 699 844 767 douuno
875 700 1031 784 plaeuisse
1063 705 1096 767 et
1127 720 1226 785 nuper

28 830 29 861 ι
120 805 417 873 testum-dieoanum
432 806 600 889 singularis
616 804 869 871 mansumudinis
878 822 919 869 ao
928 804 1098 888 potentiae
1112 807 1226 887 uirum,

28 902 29 905 ’
117 910 161 992 qui
178 910 364 976 reuodoohio
386 908 433 975 its
455 910 536 993 apud
551 907 772 975 Alexandriam
793 907 942 990 praefuit,
965 912 1003 973 ut
1021 908 1102 973 nulli
1117 927 1224 975 eorum

101 1014 160 1096 equi
190 1014 370 1089 solitudinis
403 1017 524 1079 saerata
555 1012 669 1079 metati
699 1015 777 1079 suut
808 1011 938 1079 inferior
971 1012 1014 1077 sit
1043 1012 1225 1079 eradendus.

116 1117 230 1199 qudem
245 1116 397 1201 eligentes
411 1117 645 1199 aegrotantium
661 1134 777 1199 euram,
801 1116 857 1181 elii
878 1116 1132 1183 intercessionem
1147 1123 1258 1201 quaet

28 1254 29 1257 π
116 1221 300 1301 promiseris
323 1222 418 1305 atque
439 1220 591 1303 obpressis
613 1218 797 1302 inpenditur
819 1224 1021 1302 exsequentes
1038 1221 1094 1286 ant
1109 1221 1227 1288 doetri-

115 1342 163 1389 nae
196 1323 348 1390 instantes
381 1327 437 1389 aut
470 1322 680 1407 elemosynam
713 1322 903 1406 pauperibus
939 1323 1108 1407 largientes
1145 1326 1227 1393 inter

115 1445 231 1511 magnos
252 1446 289 1498 ao
311 1443 451 1495 sumnus
471 1428 556 1495 uiros
579 1444 635 1509 pro
657 1426 769 1493 allmhn
792 1444 848 1493 suo
863 1446 900 1493 ae
917 1427 1034 1510 pietate
1048 1427 1225 1512 uiguerunt.

89 1566 108 1606 n
149 1548 185 1612 V.
210 1547 404 1633 Quapropter
425 1548 483 1638 hoe
505 1548 671 1633 uniruique
693 1549 771 1615 utile
787 1554 882 1633 atque
903 1550 1089 1614 conueniens
1111 1553 1168 1627 est,
1190 1551 1228 1616 ut

115 1651 272 1718 seeundum
301 1652 496 1736 propositum
523 1652 604 1735 quod
627 1650 725 1737 elegit
745 1652 811 1718 sine
834 1653 969 1736 gratiam
991 1670 1085 1734 quam
1107 1654 1229 1737 aooepit

114 1772 225 1821 musmo
259 1756 363 1821 studio
386 1774 422 1822 ec
451 1757 617 1841 diligentia
649 1758 688 1823 ad
722 1757 823 1841 operis
857 1757 972 1839 arrepti
1004 1753 1226 1839 perfectionem

114 1859 262 1939 peruenire
295 1858 424 1925 festinet
457 1864 489 1925 et
522 1862 654 1926 eliorum
688 1860 813 1943 quidem
846 1861 977 1926 laudans
1010 1859 1229 1944 admiransque

112 1960 237 2027 uirtutes
273 1980 470 2045 nequaquam
504 1980 523 2027 a
554 1981 612 2029 sua
648 1981 742 2046 quarn
778 1964 876 2028 semel
912 1964 1008 2047 elegit
1038 1964 1229 2046 professione

84 2061 255 2143 ellesmot,
299 2067 401 2132 soiens
438 2070 607 2132 seeundum
647 2066 825 2148 apostolum
862 2086 960 2132 unum
997 2068 1124 2149 quidem
1161 2087 1229 2134 esse

111 2185 211 2252 eorpus
237 2169 416 2251 eoelesiae,
460 2170 563 2235 multa
599 2169 705 2235 autem
743 2170 900 2247 membre,
939 2171 974 2236 ot
1009 2169 1124 2235 hahere
1160 2190 1227 2237 earn

112 2268 340 2338 donationes
361 2273 574 2338 seeundum
596 2274 772 2357 gratiam
795 2292 891 2357 quae
913 2272 1029 2339 uobis
1052 2274 1147 2339 data
1169 2277 1228 2339 est

112 2374 360 2457 differentes,
391 2376 477 2441 siue
506 2376 752 2459 prophetiam
782 2379 1001 2444 seeundum
1029 2376 1226 2442 rationem

112 2476 217 2560 fidei,
256 2482 340 2545 siue
377 2478 646 2545 ministerium
683 2480 724 2545 iu
761 2480 1011 2559 ministerio,
1047 2480 1130 2545 siue
1162 2483 1226 2562 qui

83 2584 218 2648 sooner
249 2583 287 2652 iu
317 2583 517 2661 doctriua,
553 2585 636 2649 siue
665 2585 730 2666 qui
761 2582 994 2648 exhortatur
1026 2583 1068 2649 in
1098 2583 1228 2648 erhor-
1306 2577 1310 2591 '

112 2688 274 2764 tatione,
307 2686 371 2769 qni
405 2685 559 2752 tribuit
591 2688 630 2751 in
659 2686 949 2770 simplieitate‚
983 2687 1049 2770 qui
1072 2694 1230 2768 praeest.

112 2790 147 2853 iu
173 2789 469 2866 sollieitudine,
500 2790 564 2872 qui
594 2790 808 2856 miseretur
837 2790 876 2855 in
907 2790 1132 2856 hilaritate.
1172 2808 1230 2855 neo

111 2893 187 2959 enin
208 2894 275 2959 ulla
296 2892 437 2959 membra
460 2892 594 2959 aliorum
606 2893 668 2959 sibi
681 2895 894 2960 membrorum
907 2896 1039 2978 possunt
1053 2894 1231 2960 minatoria

111 2998 273 3074 uindicare,
304 2997 378 3079 quia
400 3016 457 3063 neo
479 2998 561 3064 oouli
582 3016 735 3067 manuum
757 3017 815 3063 neo
836 3016 927 3063 neres
946 2998 1074 3062 aunum
1095 2998 1229 3062 utuntur

81 3098 214 3167 uooilisio.
248 3100 280 3167 et
302 3102 416 3167 ideireo
445 3118 507 3167 uon
534 3120 640 3167 omnes
663 3102 808 3185 apostoli,
839 3121 901 3167 non
922 3120 1030 3167 omnes
1052 3102 1229 3184 prophetae,

112 3220 168 3268 non
190 3222 295 3271 omues
326 3204 477 3289 duotores,
508 3222 568 3270 nen
596 3222 702 3271 omnes
724 3206 862 3291 gretiam
884 3204 1001 3271 habent
1021 3205 1229 3278 ornationem,

112 3322 169 3371 non
191 3326 296 3374 omues
318 3310 434 3391 linguis
457 3308 638 3392 loquuntur,
662 3326 723 3373 non
746 3326 853 3375 ornnes
876 3308 1132 3390 interpretantur.

208 3494 241 3549 15
258 3494 291 3550 ai.
304 3494 381 3552 Rorn-
401 3494 443 3561 12,
459 3494 528 3563 tsq.
615 3494 648 3549 17
668 3493 687 3547 1.
700 3508 721 3549 o.
740 3494 810 3549 6-8
893 3494 931 3550 25
947 3494 981 3549 ol.
994 3492 1082 3551 1001.
1102 3494 1142 3558 12,
1159 3495 1195 3549 28

160 3664 344 3719 iabbraham
369 3666 394 3716 I·
493 3663 597 3718 lohtO
694 3670 759 3733 post
776 3664 907 3733 plaouisse
924 3681 941 3719 o
959 3664 1040 3719 addit
1056 3667 1164 3731 seimus,
1181 3668 1231 3721 sed

114 3746 220 3803 offlam
241 3752 413 3805 meminimus
437 3764 471 3803 ea
486 3748 663 3817 praecedenti
680 3750 828 3805 enantioto
844 3750 1031 3819 supplendam
1133 3753 1151 3807 3
1174 3768 1231 3806 me·

115 3830 224 3889 ohortum
242 3836 302 3888 lle*
402 3834 612 3889 mausuItudinis
630 3835 669 3887 Πι
772 3837 919 3905 sapientiae
935 3838 962 3889 Y
1060 3837 1079 3891 4
1101 3838 1229 3893 senodoci

114 3918 167 3974 uita
182 3922 209 3973 Σ
303 3924 370 3991 aput
388 3921 447 3974 ΣΟ
544 3922 728 3977 alenndream
746 3921 787 3974 Π1
890 3923 1057 3992 Ioppressir
1073 3923 1161 3976 ΣΤΟ

114 4012 260 4075 manentes
288 4009 313 4061 0
427 4008 444 4063 8
470 4007 655 4063 aelimosiusm
681 4008 711 4059 Π
737 4008 909 4063 elemosinam
935 4008 961 4062 Ο
1073 4010 1091 4063 9
1117 4012 1230 4079 pietate}

113 4090 246 4149 uoluntate
263 4096 290 4147 Y
374 4093 403 4148 11
423 4094 535 4163 elegerit
552 4095 578 4145 Υ
663 4092 695 4149 14
713 4109 791 4162 quem
809 4095 839 4146 Π
923 4095 957 4149 18
973 4093 1126 4150 differenter
1138 4097 1164 4148 Y

112 4178 215 4244 protll
304 4180 337 4235 19
347 4180 528 4234 ministrando
540 4179 614 4236 YOo
699 4178 944 4235 itsolitudinelI¹
1033 4178 1229 4235 ddmiuisteria

112 4268 254 4330 pauses
345 4266 514 4322 iduarisffl
607 4266 721 4335 ihprol.
734 4265 794 4319 ΠΟ
878 4266 1043 4336 iitgratiam
1055 4265 1121 4319 TO:
1138 4268 1231 4336 gratis

112 4350 137 4399 Σ
163 4352 264 4421 gratim
281 4353 332 4407 Ho
433 4352 466 4407 ul
484 4351 571 4405 omnis
588 4349 627 4401 11¹
730 4353 855 4406 loouutur
872 4351 931 4405 ΣΟ

161 4453 240 4511 XIII·
275 4472 336 4514 cm.
350 4474 370 4513 r.
1094 4454 1128 4510 26
