3092 4967
241 464 282 529 10
626 452 793 509 Iohannis
817 450 975 507 Cassiani

239 650 311 715 finis
345 647 470 732 quidem
504 649 550 710 est
587 661 717 727 regnum
750 640 812 705 dei.
849 637 922 721 quid
955 652 1028 702 uero
1060 637 1102 704 sit
1130 655 1238 719 scopos
1269 637 1361 702 debet

240 753 406 837 diligenter
427 749 558 831 inquiri:
582 747 635 829 qui
657 746 684 809 si
707 745 796 809 nobie
818 740 967 807 similiter
987 746 1153 822 conpertus
1175 758 1237 805 uon
1252 741 1358 820 fuerit,

192 897 194 904 ·
240 856 357 921 frustra
385 853 513 919 nitendo
540 848 754 934 fatigabimur,
784 846 856 928 quia
884 844 950 909 sine
972 844 1027 909 uia
1048 844 1249 908 tendentibus
1271 842 1359 909 labor

240 962 287 1022 est
314 954 443 1033 itineris,
472 972 533 1019 uon
560 952 727 1036 proiectus.
765 952 803 1015 ad
836 948 918 1029 quod
946 944 1239 1031 obstupescentibus
1268 946 1359 1012 nobis

238 1080 329 1126 senex
362 1061 486 1126 intulit:
522 1058 593 1123 finis
627 1056 752 1138 quidem
786 1056 908 1117 nostrae
935 1050 1135 1134 professionis
1163 1052 1200 1115 ut
1226 1050 1396 1121 dirimuss

237 1185 370 1252 regnum
394 1165 442 1231 dei
465 1182 520 1229 seu
542 1180 675 1245 regnum
701 1160 857 1224 caelorum
879 1158 936 1235 cst,
965 1155 1234 1234 destinationem,
1259 1154 1361 1222 idest

238 1285 353 1349 scopos,
377 1269 494 1350 puritas
517 1265 627 1345 cordis,
654 1264 719 1328 siue
741 1279 803 1343 qua
823 1260 862 1325 ud
884 1260 974 1323 illum
998 1259 1093 1325 finem
1114 1260 1296 1343 inpossibile
1311 1265 1360 1325 est

207 1369 414 1455 4quempiem
426 1369 597 1453 peruenire.
622 1368 655 1431 in
669 1366 729 1431 hec
743 1382 816 1448 ergo
832 1363 1038 1429 destinatione
1053 1366 1222 1446 defigentes
1237 1368 1360 1430 nostrus

238 1473 417 1539 directionis
439 1474 567 1539 obtutus
582 1470 670 1535 uelut
684 1469 724 1534 ad
747 1471 863 1531 certam
878 1466 993 1531 lineam
1010 1484 1135 1531 cursum
1150 1467 1359 1535 rectissimum

151 1633 156 1645 .
238 1578 417 1661 dirigemus,
442 1594 478 1641 ee
501 1574 528 1639 si
551 1572 713 1655 paululum
729 1569 805 1654 quid
819 1570 858 1634 ab
873 1569 932 1634 hac
947 1569 1091 1651 cogitatio
1108 1572 1213 1635 nostra
1228 1571 1358 1639 deflere·
1368 1598 1394 1639 rc

237 1681 290 1755 rit,
313 1680 353 1745 ad
376 1677 669 1759 contemplationem
684 1675 750 1738 eius
767 1673 839 1737 ilico
857 1673 1051 1737 recurrentes
1066 1692 1172 1738 rursus
1188 1694 1257 1740 eam
1272 1676 1359 1741 uelut

237 1785 276 1851 ad
291 1786 446 1866 quandum
461 1800 602 1847 normam
618 1778 790 1844 rectissime
805 1777 1005 1858 corrigemus,
1022 1797 1100 1859 quae
1115 1797 1237 1861 semper
1251 1800 1358 1847 omues

238 1888 366 1953 mustus
389 1889 508 1951 nostros
530 1885 569 1949 cd
591 1902 689 1947 unum
714 1881 771 1947 boc
793 1898 943 1945 reuocans
964 1881 1091 1963 siguum
1112 1888 1223 1965 arguet
1237 1885 1357 1963 statim,

237 1991 263 2054 si
285 2008 303 2054 a
325 1988 481 2071 proposita
504 1986 672 2053 directione
694 2002 782 2049 mens
805 1985 911 2049 nostra
932 1984 983 2047 uel
996 1984 1160 2065 paululum
1176 1987 1356 2054 deuieuerit.

280 2109 317 2175 V.
341 2106 607 2187 Quemadmodum
630 2106 673 2185 bi,
697 2104 809 2188 quibus
831 2123 903 2169 usus
925 2106 973 2169 est
991 2104 1101 2171 bellica
1114 2106 1179 2171 tela
1192 2108 1392 2192 tractamine

238 2231 308 2278 cum
342 2214 414 2277 ente
447 2230 555 2295 regem
583 2210 691 2275 mundi
718 2208 811 2273 huius
844 2208 922 2273 artis
944 2225 1018 2273 suae
1050 2211 1180 2292 cupiunt
1213 2211 1357 2291 peritiam

236 2316 457 2397 demonstrare,
484 2315 518 2380 in
540 2311 727 2394 peruissime
749 2312 902 2393 quaedam
923 2310 1055 2394 scutula,
1078 2331 1157 2394 quae
1178 2313 1302 2395 depicta
1324 2314 1358 2378 in

236 2436 268 2483 se
290 2420 451 2483 continent
465 2417 610 2499 praemia,
638 2416 739 2481 iacula
753 2414 804 2480 uel
822 2416 952 2497 sagittus
967 2416 1142 2497 intorquere
1158 2420 1356 2494 contendunt,

236 2522 313 2585 certi
346 2520 437 2604 quod
460 2539 521 2584 non
548 2519 626 2585 elias
654 2518 714 2584 nisi
742 2518 958 2584 destinationis
986 2536 1060 2583 suae
1088 2521 1170 2584 linea
1197 2519 1356 2585 adfinem

235 2624 356 2706 possint
378 2622 541 2689 desiderati
565 2621 695 2704 proemii
722 2621 892 2704 peruenire,
927 2638 986 2703 quo
1009 2624 1076 2685 tum
1099 2621 1226 2687 demum
1248 2622 1392 2707 utiquam

235 2726 404 2808 potientur,
435 2744 504 2790 cum
536 2728 728 2808 propositum
756 2742 869 2805 scopon
898 2723 1057 2789 ualueriut
1078 2725 1231 2790 obtinere:
1255 2728 1307 2808 qui
1328 2726 1356 2790 si

235 2830 314 2894 forte
335 2828 374 2893 ab
398 2847 504 2893 eorum
525 2826 620 2892 fuerit
643 2826 821 2891 subtractus
843 2827 971 2903 intuitu,
992 2829 1223 2910 quantumlibet
1239 2831 1355 2895 erecto

233 2932 360 2997 tramite
381 2949 468 2997 cossa
489 2931 703 3013 imperitorum
717 2929 839 2995 deerret
854 2930 994 3009 intentio,
1017 2931 1165 2997 excidisse
1192 2950 1226 2997 se
1248 2937 1355 2998 tamen

234 3036 273 3099 ab
305 3034 392 3099 illius
425 3034 644 3115 disciplinatae
678 3033 777 3097 lineae
810 3033 980 3098 directione
1012 3052 1074 3098 nou
1103 3034 1249 3112 sentient,
1282 3038 1355 3118 quia

233 3138 356 3203 nullum
386 3138 501 3204 habent
529 3138 648 3202 eertum
677 3137 801 3219 signum
831 3138 912 3219 quod
934 3137 986 3202 uel
1007 3137 1153 3218 peritiam
1175 3137 1391 3204 directionisre

233 3241 346 3323 probet
373 3244 426 3307 uel
453 3245 563 3324 arguat
592 3240 790 3324 pronitatem.
829 3244 862 3305 et
890 3240 960 3305 ideo
986 3258 1058 3306 cum
1079 3241 1208 3306 inutiles
1229 3240 1264 3306 in
1285 3248 1356 3308 adra

235 3362 425 3428 uacuumque
455 3344 592 3411 fuderint
619 3344 727 3421 iactus,
757 3344 791 3408 iu
814 3362 875 3425 quo
896 3346 1090 3426 peccauerint
1115 3362 1215 3427 quoue
1236 3347 1357 3429 decepti

235 3445 299 3511 sint
326 3447 495 3513 diiudicare
523 3467 584 3513 non
606 3448 746 3531 possunt,
776 3448 889 3531 quippe
918 3448 1137 3531 quesnellum
1161 3454 1286 3516 accusat
1307 3451 1355 3514 in·

235 3548 352 3615 dicium
381 3552 531 3632 quantum
553 3570 572 3615 a
594 3551 763 3618 directione
796 3553 1007 3631 discesserint,
1035 3570 1091 3618 nec
1118 3571 1178 3635 quo
1207 3554 1353 3635 deinceps

286 3824 299 3875 1
327 3820 391 3891 quid
417 3820 459 3877 D:
496 3821 542 3889 qui
569 3822 620 3877 Xo
723 3823 739 3875 2
761 3822 827 3891 quid
851 3825 888 3878 sit
911 3823 987 3877 nobis
1010 3823 1138 3879 similiter
1161 3826 1189 3877 et
1212 3824 1236 3877 si
1258 3823 1288 3877 D

233 3906 467 3977 10dirigemusr:
494 3906 679 3976 dirigimusD
692 3912 722 3973 (e.
736 3908 880 3974 1.an
949 3909 980 3962 ll
993 3909 1153 3964 recurrentis
1165 3907 1207 3963 D¹
1276 3908 1355 3962 rear

233 4009 283 4048 em.
295 3993 373 4049 DX:
403 3994 502 4049 babent
519 3994 546 4049 ‘8
557 3994 623 4049 Me?
640 3994 716 4062 copied
731 3995 883 4065 Oreyckium
895 3996 1028 4065 quandam
1040 4012 1160 4050 normsm
1171 3994 1317 4051 rectissime
1327 3995 1357 4050 D

233 4078 348 4147 quadam
365 4095 460 4133 norma
477 4080 627 4135 certissima
645 4080 806 4147 (rectissima
821 4082 848 4151 r)
867 4081 918 4135 Xr
1021 4086 1180 4153 corrigemus
1202 4083 1244 4137 X:
1274 4084 1356 4137 corri-

232 4164 323 4233 gimus
339 4164 370 4219 D
474 4166 507 4219 13
524 4172 634 4220 conatos
652 4165 694 4219 1)ι
798 4166 1032 4223 reuerentior
1130 4169 1161 4223 17
1181 4169 1293 4239 quedam
1310 4168 1354 4223 D:

231 4266 345 4335 quadam
364 4266 416 4321 Xe
510 4268 542 4323 18
559 4270 678 4323 continet
695 4270 746 4326 Xo
833 4270 866 4324 19
883 4272 1070 4326 distinctionis
1088 4273 1118 4327 D
1209 4273 1244 4327 20
1260 4257 1355 4357 titudo-

232 4392 305 4441 mun
323 4392 348 4457 (1
366 4390 413 4443 rect
430 4390 450 4444 2
467 4389 518 4447 titt.
538 4394 617 4459 eras.)
634 4388 664 4444 D
755 4390 789 4445 22
807 4390 958 4447 abstrwtus
974 4391 1016 4446 D·
1103 4395 1136 4449 27
1155 4360 1243 4464 ἕποιο
1258 4393 1289 4448 D
