3092 4967
506 422 665 479 conlatio
687 422 734 487 xl,
754 422 831 475 6-7.
1169 423 1239 489 319

112 614 260 685 conlidens
290 613 394 683 omnia
422 632 501 696 quae
523 615 621 698 patris
644 617 718 679 sunt
739 632 797 679 sna
819 630 886 679 osse
909 630 970 679 non
992 611 1138 695 ambigit,
1162 631 1231 694 per·

111 721 210 783 uenire
244 736 305 783 non
334 716 448 799 potuit.
487 719 525 783 ad
555 735 648 801 quem
678 716 775 781 etiam
804 714 862 779 ille
892 715 1050 799 prodigus,
1078 715 1133 799 qni
1161 716 1267 782 cum?

111 821 283 896 substantia
311 821 408 905 patris
438 822 532 887 etiam
563 819 621 885 lilii
651 839 761 896 nomen
794 820 952 897 amiserat,
982 820 1142 903 adspirare
1170 838 1232 883 non

110 925 197 991 audet
214 926 338 993 dicens:
362 926 436 991 iam
458 944 530 990 non
553 944 634 991 sum
659 925 959 1008 dignus-noceri
982 922 1100 989 lilius
1122 927 1232 991 tuns:

92 1035 172 1111 apost
201 1029 274 1095 illas
305 1031 389 1094 enim
418 1046 581 1111 porcorum
612 1029 740 1113 siliquas
770 1047 903 1112 quarum
926 1029 955 1093 ei
977 1029 1109 1093 satietas
1137 1044 1232 1109 nega·

110 1132 203 1209 tatur,
235 1132 266 1198 id
297 1134 344 1198 est
373 1132 522 1199 uitiorum
552 1132 692 1197 sordidos
724 1134 818 1207 cibos,
848 1133 922 1214 qnia
950 1134 983 1196 in
1006 1133 1105 1197 semet
1126 1129 1231 1213 ipsum

110 1254 245 1306 reuersus
268 1239 300 1301 et
322 1235 451 1301 salutari
474 1236 587 1301 timore
606 1240 801 1318 conpunctus
823 1234 1046 1304 inmunditiam
1069 1252 1231 1318 porcorum

110 1338 228 1418 horrere
260 1341 322 1405 iam
357 1344 498 1422 coeperat
527 1357 564 1403 ac
596 1340 682 1404 dirae
716 1338 808 1403 lamis
838 1338 999 1423 ¹supplicia
1031 1337 1231 1417 formidabat,

110 1442 190 1507 uelut
211 1444 275 1509 iam
290 1460 399 1508 seruus
415 1442 543 1509 effectus
559 1442 652 1509 etiam
673 1441 880 1510 mercennarii
895 1446 1015 1509 statum
1032 1442 1070 1508 do
1090 1443 1231 1509 mercede

81 1547 178 1621 niam,
199 1546 340 1629 cogitans
373 1547 562 1629 concupiscit
594 1563 631 1611 ao
665 1544 758 1611 dicit:
793 1548 932 1629 quanti
962 1546 1231 1611 mercennarii

109 1650 235 1730 patris
271 1650 345 1715 mei
382 1648 585 1715 abundant
620 1650 808 1731 panibus,
847 1652 886 1712 et
921 1666 991 1729 ego
1028 1650 1093 1713 hio
1129 1649 1231 1715 fame

109 1772 231 1835 pereo.
277 1754 455 1819 reuertar
479 1771 569 1835 ergo
608 1755 651 1818 ad
685 1756 839 1834 patrem
871 1770 992 1817 meum
1031 1757 1067 1817 st
1107 1752 1229 1817 dicam

109 1856 189 1921 illi:
223 1860 350 1940 pater,
385 1856 547 1939 peccaui
583 1856 622 1920 in
655 1855 809 1919 caelum
843 1860 880 1920 et
913 1873 1039 1920 coram
1074 1859 1122 1935 te,
1152 1856 1229 1921 iam

111 1978 179 2025 non
211 1980 292 2027 snm
330 1960 472 2043 dignus
505 1962 638 2026 uocari
668 1959 783 2025 filius
812 1964 918 2026 tuus:
947 1958 1009 2024 lac
1036 1977 1093 2025 me
1126 1958 1231 2024 sicut

82 2084 218 2131 annum
250 2065 295 2129 de
324 2064 608 2134 mercennariis
638 2065 727 2131 tuis.
766 2064 821 2129 sed
850 2064 944 2130 istam
974 2062 1101 2129 humilis
1122 2057 1262 2146 paeni-3

110 2168 218 2233 tentiae
239 2186 347 2233 uocem
371 2167 403 2232 in
428 2185 589 2234 occursum
612 2169 678 2235 eins
702 2172 792 2250 pater
814 2167 978 2249 prosiliens
1000 2167 1119 2232 maiora
1135 2184 1230 2249 qnam

111 2272 216 2338 amima
245 2273 349 2339 fuerat
376 2273 493 2355 pietate
523 2272 658 2355 suscepit
681 2290 814 2354 eumque
835 2289 897 2338 non
921 2272 1087 2336 contentus
1109 2272 1232 2335 minora

112 2376 266 2441 concedere
302 2379 432 2458 utroque
465 2376 564 2459 gradu
597 2375 664 2439 sine
693 2375 843 2439 dilatione
873 2375 1050 2442 transcurso
1080 2372 1231 2456 pristinae

111 2479 238 2545 tiliorum
260 2479 401 2545 restituit
427 2479 585 2563 dignitati.
624 2479 836 2545 festinandum
867 2478 994 2561 proinde
1022 2475 1120 2541 etiam
1142 2476 1232 2546 nobis

82 2584 163 2661 nest,
188 2588 224 2649 nt
251 2584 290 2648 ad
320 2583 449 2649 tertium
479 2582 614 2649 filiorum
642 2584 785 2667 gradum,
814 2584 868 2666 qni
895 2582 1000 2650 omnia
1030 2598 1108 2662 qnae
1129 2580 1232 2662 patris

111 2689 180 2753 snnt
205 2704 262 2755 sua
289 2703 357 2751 essa
387 2684 525 2765 credunt,
556 2704 611 2769 per
638 2684 889 2751 indissolubilem
920 2684 1064 2751 caritatis
1091 2685 1229 2767 gratiam

112 2791 342 2856 conscendentes
365 2789 507 2855 caelestis
530 2788 615 2855 illius
638 2790 737 2873 patris
755 2788 976 2872 imaginemus
990 2787 1230 2868 similitudinem

111 2894 237 2977 recipere
265 2909 440 2959 mereamur
462 2894 494 2957 et
516 2892 555 2957 ad
584 2892 794 2958 imitationem
824 2892 891 2958 ueri
919 2892 1006 2958 illins
1029 2891 1086 2957 filii
1108 2890 1229 2974 procla·

111 3015 190 3063 maro
218 2998 386 3081 possimus:
417 2996 549 3062 omnia
578 3014 676 3081 qnae
706 2996 825 3062 habat
854 3000 984 3077 pater,
1015 3012 1100 3061 mea
1128 2999 1229 3059 sont.

82 3100 186 3183 acquod
208 3103 304 3167 otiam
326 3103 364 3167 de
387 3100 476 3166 nobis
500 3104 607 3167 beatos
635 3100 795 3183 apostolus
822 3099 986 3181 profitetur
1008 3099 1131 3164 dicens:
1156 3091 1262 3163 om·4

113 3204 172 3269 nia
212 3206 346 3271 nestra
382 3207 489 3285 sunt,
527 3204 616 3269 siue
653 3203 805 3269 Paulus
842 3204 924 3268 sine
961 3201 1106 3285 Apollo
1144 3200 1230 3266 siue

114 3304 267 3391 Gephas‚
304 3310 392 3374 sine
429 3309 591 3373 mundus
629 3312 712 3373 siue
751 3308 840 3371 nita
872 3306 956 3371 siue
991 3323 1109 3382 mors,
1142 3308 1229 3373 siue

113 3412 325 3491 praesentia
348 3414 432 3477 siue
456 3413 610 3478 futura:
633 3414 762 3478 omnia
785 3414 923 3506 uestra
945 3415 1047 3476 sunt.
1077 3412 1229 3491 adquam

206 3598 223 3653 4
248 3598 311 3655 Luc.
339 3600 381 3665 15,
409 3599 441 3654 19
552 3599 585 3653 10
611 3598 628 3653 1.
657 3615 678 3652 e.
707 3596 809 3653 17-19
911 3596 946 3652 24
972 3596 1031 3652 Ioh.
1060 3596 1101 3662 16,
1128 3596 1160 3650 15

114 3683 248 3741 mcor.
265 3689 290 3755 3,
309 3686 344 3741 22

162 3857 277 3913 tranire
295 3860 321 3911 1¹
414 3858 509 3926 4poot
527 3859 590 3911 tuus
607 3853 718 3911 oddaht
734 3855 857 3912 HYOo:
884 3856 936 3909 fao
953 3871 1000 3909 me
1019 3856 1111 3910 sicut
1128 3870 1228 3911 anum

116 3938 151 3993 de
164 3944 400 3998 mercennariis
418 3945 502 3997 tnir:
529 3958 599 4012 qaae
611 3943 752 3997 natatio
765 3943 858 3996 minas
875 3940 1024 4011 quadrare,
1040 3942 1121 4008 tasso
1138 3947 1230 3996 cartem

115 4032 274 4098 rootcpcstto
285 4046 341 4085 crae
352 4029 528 4090 manifestam
540 4035 578 4084 ert
669 4031 686 4084 5
703 4029 822 4096 seliquas
840 4026 866 4079 0
953 4028 988 4097 eil
1007 4030 1035 4081 at
1050 4027 1081 4079 Π
1165 4027 1182 4080 6
1201 4026 1229 4080 id

116 4115 276 4171 estumordm
288 4118 411 4172 sordibus
424 4118 453 4169 Π
520 4116 655 4170 dhorrore
667 4114 693 4168 0
755 4117 812 4169 tam
824 4114 863 4165 11¹
934 4113 968 4167 10
978 4118 1108 4181 quantum
1120 4114 1160 4165 ΠΙ

118 4197 145 4250 ll
157 4205 236 4257 dnn.
247 4203 276 4255 Π
373 4204 404 4257 14
415 4202 488 4271 tuus]
502 4201 586 4255 tnsO
681 4200 712 4255 15
723 4201 779 4253 ista
789 4199 820 4251 11
836 4199 869 4253 ad
881 4200 961 4254 istam
975 4201 1000 4251 Y
1083 4199 1231 4268 patientiae

117 4282 144 4333 Π
211 4289 241 4343 16
252 4305 314 4344 noce
326 4289 367 4341 11²
446 4289 479 4343 18
490 4286 670 4342 dilectioneO
738 4285 772 4339 20
784 4286 842 4357 qni]
856 4285 961 4355 qniaH
967 4289 975 4315 ¹
1053 4285 1087 4339 21
1099 4285 1189 4339 cefhas
1201 4284 1231 4337 Σ

118 4369 216 4425 catull
231 4374 316 4429 chelas
329 4375 355 4428 0
423 4374 468 4429 hic
479 4373 595 4429 mundus
607 4374 633 4425 Y
705 4372 739 4427 28
751 4374 922 4435 omniaenim
935 4376 1024 4426 nosue
1035 4374 1061 4423 T
1078 4369 1159 4441 Vulp.
