<?xml version="1.0" encoding="UTF-8"?>
<!DOCTYPE html PUBLIC "-//W3C//DTD XHTML 1.0 Transitional//EN"
    "http://www.w3.org/TR/xhtml1/DTD/xhtml1-transitional.dtd">
<html xmlns="http://www.w3.org/1999/xhtml" xml:lang="en" lang="en">
 <head>
  <title>
</title>
<meta http-equiv="Content-Type" content="text/html;charset=utf-8" />
  <meta name='ocr-system' content='tesseract 3.04.00' />
  <meta name='ocr-capabilities' content='ocr_page ocr_carea ocr_par ocr_line ocrx_word'/>
</head>
<body>
  <div class='ocr_page' id='page_1' title='image "./iohanniscassian00petsgoog_0636.png"; bbox 0 0 3092 4967; ppageno 0'>
   <div class='ocr_carea' id='block_1_1' title="bbox 330 416 1077 523">
    <p class='ocr_par' dir='ltr' id='par_1_1' title="bbox 330 416 1077 523">
     <span class='ocr_line' id='line_1_1' title="bbox 330 416 1077 523; baseline -0.007 -6"><span class='ocrx_word' id='word_1_1' title='bbox 330 459 393 523; x_wconf 79' lang='grc'><strong>624</strong></span> <span class='ocrx_word' id='word_1_2' title='bbox 607 439 609 444; x_wconf 44' lang='grc'><strong>’</strong></span> <span class='ocrx_word' id='word_1_3' title='bbox 716 455 883 511; x_wconf 88' lang='lat' dir='ltr'><strong>Iohannis</strong></span> <span class='ocrx_word' id='word_1_4' title='bbox 906 416 1077 512; x_wconf 24' lang='lat' dir='ltr'><strong>caesioni*</strong></span> 
     </span>
    </p>
   </div>
   <div class='ocr_carea' id='block_1_2' title="bbox 268 643 1520 3635">
    <p class='ocr_par' dir='ltr' id='par_1_2' title="bbox 327 643 1439 932">
     <span class='ocr_line' id='line_1_2' title="bbox 328 643 1439 730; baseline -0.003 -18"><span class='ocrx_word' id='word_1_5' title='bbox 328 665 568 730; x_wconf 76' lang='lat' dir='ltr'><strong>nequaquam</strong></span> <span class='ocrx_word' id='word_1_6' title='bbox 604 644 864 711; x_wconf 82' lang='lat' dir='ltr'><strong>exhibeamus</strong></span> <span class='ocrx_word' id='word_1_7' title='bbox 893 647 1065 711; x_wconf 90' lang='lat' dir='ltr'><strong>membra</strong></span> <span class='ocrx_word' id='word_1_8' title='bbox 1094 647 1234 709; x_wconf 86' lang='lat' dir='ltr'><strong>nostra</strong></span> <span class='ocrx_word' id='word_1_9' title='bbox 1255 661 1356 709; x_wconf 83' lang='lat' dir='ltr'><strong>arma</strong></span> <span class='ocrx_word' id='word_1_10' title='bbox 1375 643 1439 709; x_wconf 92' lang='lat' dir='ltr'><strong>ini·</strong></span> 
     </span>
     <span class='ocr_line' id='line_1_3' title="bbox 328 747 1438 835; baseline -0.005 -19"><span class='ocrx_word' id='word_1_11' title='bbox 328 751 501 835; x_wconf 80' lang='lat' dir='ltr'><strong>quitatis</strong></span> <span class='ocrx_word' id='word_1_12' title='bbox 525 752 700 832; x_wconf 82' lang='lat' dir='ltr'><strong>paccata,</strong></span> <span class='ocrx_word' id='word_1_13' title='bbox 724 749 819 814; x_wconf 90' lang='lat' dir='ltr'><strong>tertio</strong></span> <span class='ocrx_word' id='word_1_14' title='bbox 841 752 879 815; x_wconf 90' lang='lat' dir='ltr'><strong>ut</strong></span> <span class='ocrx_word' id='word_1_15' title='bbox 902 748 1054 815; x_wconf 90' lang='lat' dir='ltr'><strong>interiora</strong></span> <span class='ocrx_word' id='word_1_16' title='bbox 1075 765 1196 830; x_wconf 88' lang='lat' dir='ltr'><strong>quoqne</strong></span> <span class='ocrx_word' id='word_1_17' title='bbox 1210 747 1332 812; x_wconf 87' lang='lat' dir='ltr'><strong>homine</strong></span> <span class='ocrx_word' id='word_1_18' title='bbox 1346 752 1438 812; x_wconf 65' lang='lat' dir='ltr'><strong>nadre</strong></span> 
     </span>
     <span class='ocr_line' id='line_1_4' title="bbox 327 850 1439 932; baseline -0.004 -11"><span class='ocrx_word' id='word_1_19' title='bbox 327 856 365 921; x_wconf 85' lang='lat' dir='ltr'><strong>ab</strong></span> <span class='ocrx_word' id='word_1_20' title='bbox 396 855 453 920; x_wconf 84' lang='lat' dir='ltr'><strong>ille</strong></span> <span class='ocrx_word' id='word_1_21' title='bbox 483 853 621 920; x_wconf 85' lang='lat' dir='ltr'>libidinis</span> <span class='ocrx_word' id='word_1_22' title='bbox 652 853 834 919; x_wconf 79' lang='lat' dir='ltr'><strong>titillatione</strong></span> <span class='ocrx_word' id='word_1_23' title='bbox 865 850 1053 919; x_wconf 83' lang='lat' dir='ltr'><strong>omnimodis</strong></span> <span class='ocrx_word' id='word_1_24' title='bbox 1072 869 1117 932; x_wconf 85' lang='lat' dir='ltr'><strong>ac</strong></span> <span class='ocrx_word' id='word_1_25' title='bbox 1138 850 1322 916; x_wconf 85' lang='lat' dir='ltr'><strong>medullitus</strong></span> <span class='ocrx_word' id='word_1_26' title='bbox 1342 853 1439 916; x_wconf 86' lang='lat' dir='ltr'><strong>morti·</strong></span> 
     </span>
    </p>

    <p class='ocr_par' dir='ltr' id='par_1_3' title="bbox 268 955 1468 1249">
     <span class='ocr_line' id='line_1_5' title="bbox 268 955 1440 1037; baseline -0.004 -13"><span class='ocrx_word' id='word_1_27' title='bbox 268 1029 272 1034; x_wconf 70' lang='grc'><strong>,</strong></span> <span class='ocrx_word' id='word_1_28' title='bbox 326 959 418 1024; x_wconf 88' lang='lat' dir='ltr'><strong>ficato</strong></span> <span class='ocrx_word' id='word_1_29' title='bbox 455 957 709 1023; x_wconf 80' lang='lat' dir='ltr'><strong>exhibeamus</strong></span> <span class='ocrx_word' id='word_1_30' title='bbox 745 974 815 1022; x_wconf 90' lang='lat' dir='ltr'><strong>nos</strong></span> <span class='ocrx_word' id='word_1_31' title='bbox 857 957 927 1021; x_wconf 89' lang='lat' dir='ltr'><strong>dae</strong></span> <span class='ocrx_word' id='word_1_32' title='bbox 971 957 1170 1037; x_wconf 88' lang='lat' dir='ltr'><strong>tamquam</strong></span> <span class='ocrx_word' id='word_1_33' title='bbox 1207 973 1250 1018; x_wconf 85' lang='lat' dir='ltr'><strong>ex</strong></span> <span class='ocrx_word' id='word_1_34' title='bbox 1286 955 1440 1020; x_wconf 86' lang='lat' dir='ltr'><strong>mortuis</strong></span> 
     </span>
     <span class='ocr_line' id='line_1_6' title="bbox 326 1057 1468 1142; baseline -0.007 -14"><span class='ocrx_word' id='word_1_35' title='bbox 326 1063 524 1140; x_wconf 83' lang='lat' dir='ltr'><strong>uiuentes,</strong></span> <span class='ocrx_word' id='word_1_36' title='bbox 555 1063 588 1125; x_wconf 93' lang='lat' dir='ltr'><strong>et</strong></span> <span class='ocrx_word' id='word_1_37' title='bbox 618 1060 664 1125; x_wconf 87' lang='lat' dir='ltr'><strong>ita</strong></span> <span class='ocrx_word' id='word_1_38' title='bbox 693 1077 748 1142; x_wconf 91' lang='lat' dir='ltr'><strong>per</strong></span> <span class='ocrx_word' id='word_1_39' title='bbox 775 1060 858 1125; x_wconf 88' lang='lat' dir='ltr'><strong>hunc</strong></span> <span class='ocrx_word' id='word_1_40' title='bbox 889 1058 1061 1142; x_wconf 83' lang='lat' dir='ltr'><strong>profectum</strong></span> <span class='ocrx_word' id='word_1_41' title='bbox 1082 1057 1301 1140; x_wconf 89' lang='lat' dir='ltr'><strong>perueniantas</strong></span> <span class='ocrx_word' id='word_1_42' title='bbox 1322 1059 1361 1124; x_wconf 88' lang='lat' dir='ltr'><strong>ad</strong></span> <span class='ocrx_word' id='word_1_43' title='bbox 1379 1075 1468 1142; x_wconf 77' lang='lat' dir='ltr'><strong>per-s</strong></span> 
     </span>
     <span class='ocr_line' id='line_1_7' title="bbox 326 1161 1441 1249; baseline -0.004 -18"><span class='ocrx_word' id='word_1_44' title='bbox 326 1169 452 1249; x_wconf 87' lang='lat' dir='ltr'><strong>petuam</strong></span> <span class='ocrx_word' id='word_1_45' title='bbox 482 1165 619 1247; x_wconf 91' lang='lat' dir='ltr'><strong>quietam</strong></span> <span class='ocrx_word' id='word_1_46' title='bbox 650 1165 786 1246; x_wconf 86' lang='lat' dir='ltr'><strong>corporis</strong></span> <span class='ocrx_word' id='word_1_47' title='bbox 816 1163 915 1229; x_wconf 86' lang='lat' dir='ltr'><strong>nostri</strong></span> <span class='ocrx_word' id='word_1_48' title='bbox 943 1162 1140 1227; x_wconf 83' lang='lat' dir='ltr'><strong>exhibeamus</strong></span> <span class='ocrx_word' id='word_1_49' title='bbox 1162 1161 1261 1228; x_wconf 88' lang='lat' dir='ltr'><strong>etiam</strong></span> <span class='ocrx_word' id='word_1_50' title='bbox 1284 1162 1441 1227; x_wconf 86' lang='lat' dir='ltr'><strong>mambre</strong></span> 
     </span>
    </p>

    <p class='ocr_par' dir='ltr' id='par_1_4' title="bbox 297 1265 1520 2908">
     <span class='ocr_line' id='line_1_8' title="bbox 297 1265 1441 1343; baseline -0.006 -6"><span class='ocrx_word' id='word_1_51' title='bbox 297 1275 463 1339; x_wconf 80' lang='lat' dir='ltr'><strong>&#39;lnostra</strong></span> <span class='ocrx_word' id='word_1_52' title='bbox 494 1287 598 1334; x_wconf 87' lang='lat' dir='ltr'><strong>arma</strong></span> <span class='ocrx_word' id='word_1_53' title='bbox 626 1268 691 1333; x_wconf 87' lang='lat' dir='ltr'><strong>iam</strong></span> <span class='ocrx_word' id='word_1_54' title='bbox 722 1287 784 1333; x_wconf 91' lang='lat' dir='ltr'><strong>uon</strong></span> <span class='ocrx_word' id='word_1_55' title='bbox 813 1265 966 1343; x_wconf 88' lang='lat' dir='ltr'><strong>libidinis,</strong></span> <span class='ocrx_word' id='word_1_56' title='bbox 996 1265 1050 1331; x_wconf 90' lang='lat' dir='ltr'><strong>sed</strong></span> <span class='ocrx_word' id='word_1_57' title='bbox 1082 1267 1273 1332; x_wconf 85' lang='lat' dir='ltr'><strong>iustitiae</strong></span> <span class='ocrx_word' id='word_1_58' title='bbox 1306 1265 1379 1331; x_wconf 91' lang='lat' dir='ltr'><strong>deo.</strong></span> <span class='ocrx_word' id='word_1_59' title='bbox 1412 1267 1441 1330; x_wconf 87' lang='lat' dir='ltr'><strong>in</strong></span> 
     </span>
     <span class='ocr_line' id='line_1_9' title="bbox 327 1370 1440 1456; baseline -0.004 -18"><span class='ocrx_word' id='word_1_60' title='bbox 327 1391 387 1456; x_wconf 86' lang='lat' dir='ltr'><strong>qua</strong></span> <span class='ocrx_word' id='word_1_61' title='bbox 424 1373 512 1438; x_wconf 88' lang='lat' dir='ltr'><strong>nebia</strong></span> <span class='ocrx_word' id='word_1_62' title='bbox 551 1371 750 1439; x_wconf 80' lang='lat' dir='ltr'><strong>castimoniae</strong></span> <span class='ocrx_word' id='word_1_63' title='bbox 788 1371 925 1454; x_wconf 90' lang='lat' dir='ltr'><strong>puritate</strong></span> <span class='ocrx_word' id='word_1_64' title='bbox 962 1370 1101 1436; x_wconf 85' lang='lat' dir='ltr'><strong>fundatis</strong></span> <span class='ocrx_word' id='word_1_65' title='bbox 1137 1374 1342 1452; x_wconf 87' lang='lat' dir='ltr'><strong>peccatum</strong></span> <span class='ocrx_word' id='word_1_66' title='bbox 1377 1388 1440 1436; x_wconf 92' lang='lat' dir='ltr'><strong>non</strong></span> 
     </span>
     <span class='ocr_line' id='line_1_10' title="bbox 327 1473 1441 1560; baseline -0.004 -17"><span class='ocrx_word' id='word_1_67' title='bbox 327 1477 609 1543; x_wconf 86' lang='lat' dir='ltr'><strong>dominabitur.</strong></span> <span class='ocrx_word' id='word_1_68' title='bbox 647 1495 709 1542; x_wconf 92' lang='lat' dir='ltr'><strong>uon</strong></span> <span class='ocrx_word' id='word_1_69' title='bbox 732 1477 817 1542; x_wconf 90' lang='lat' dir='ltr'><strong>enim</strong></span> <span class='ocrx_word' id='word_1_70' title='bbox 840 1494 949 1543; x_wconf 89' lang='lat' dir='ltr'><strong>sumus</strong></span> <span class='ocrx_word' id='word_1_71' title='bbox 972 1474 1043 1541; x_wconf 86' lang='lat' dir='ltr'><strong>aab</strong></span> <span class='ocrx_word' id='word_1_72' title='bbox 1067 1476 1169 1560; x_wconf 84' lang='lat' dir='ltr'><strong>lega,</strong></span> <span class='ocrx_word' id='word_1_73' title='bbox 1186 1473 1441 1558; x_wconf 80' lang='lat' dir='ltr'><strong>quaedumlicita</strong></span> 
     </span>
     <span class='ocr_line' id='line_1_11' title="bbox 325 1577 1467 1664; baseline -0.007 -18"><span class='ocrx_word' id='word_1_74' title='bbox 325 1578 506 1664; x_wconf 84' lang='lat' dir='ltr'><strong>nuptiarum</strong></span> <span class='ocrx_word' id='word_1_75' title='bbox 529 1580 598 1646; x_wconf 89' lang='lat' dir='ltr'><strong>iura</strong></span> <span class='ocrx_word' id='word_1_76' title='bbox 620 1581 828 1664; x_wconf 88' lang='lat' dir='ltr'><strong>commendat,</strong></span> <span class='ocrx_word' id='word_1_77' title='bbox 851 1579 947 1645; x_wconf 86' lang='lat' dir='ltr'><strong>etiem</strong></span> <span class='ocrx_word' id='word_1_78' title='bbox 969 1579 1062 1644; x_wconf 90' lang='lat' dir='ltr'><strong>illum</strong></span> <span class='ocrx_word' id='word_1_79' title='bbox 1084 1578 1172 1644; x_wconf 88' lang='lat' dir='ltr'><strong>cuine</strong></span> <span class='ocrx_word' id='word_1_80' title='bbox 1186 1577 1361 1643; x_wconf 86' lang='lat' dir='ltr'><strong>ministerio</strong></span> <span class='ocrx_word' id='word_1_81' title='bbox 1374 1595 1467 1661; x_wconf 79' lang='lat' dir='ltr'><strong>opusc</strong></span> 
     </span>
     <span class='ocr_line' id='line_1_12' title="bbox 325 1680 1440 1766; baseline -0.004 -18"><span class='ocrx_word' id='word_1_82' title='bbox 325 1684 468 1749; x_wconf 85' lang='lat' dir='ltr'><strong>inlicitae</strong></span> <span class='ocrx_word' id='word_1_83' title='bbox 497 1682 712 1749; x_wconf 88' lang='lat' dir='ltr'><strong>fornicationis</strong></span> <span class='ocrx_word' id='word_1_84' title='bbox 743 1683 887 1766; x_wconf 84' lang='lat' dir='ltr'><strong>expletur</strong></span> <span class='ocrx_word' id='word_1_85' title='bbox 917 1683 951 1747; x_wconf 93' lang='lat' dir='ltr'><strong>iu</strong></span> <span class='ocrx_word' id='word_1_86' title='bbox 981 1683 1098 1748; x_wconf 89' lang='lat' dir='ltr'><strong>nestris</strong></span> <span class='ocrx_word' id='word_1_87' title='bbox 1124 1681 1274 1747; x_wconf 86' lang='lat' dir='ltr'><strong>medullis</strong></span> <span class='ocrx_word' id='word_1_88' title='bbox 1296 1680 1392 1745; x_wconf 63' lang='lat' dir='ltr'><strong>nutat</strong></span> <span class='ocrx_word' id='word_1_89' title='bbox 1410 1699 1440 1744; x_wconf 88' lang='lat' dir='ltr'><strong>ac</strong></span> 
     </span>
     <span class='ocr_line' id='line_1_13' title="bbox 326 1785 1438 1871; baseline -0.004 -19"><span class='ocrx_word' id='word_1_90' title='bbox 326 1789 465 1852; x_wconf 89' lang='lat' dir='ltr'><strong>reseruat</strong></span> <span class='ocrx_word' id='word_1_91' title='bbox 487 1787 639 1867; x_wconf 87' lang='lat' dir='ltr'><strong>ardorem,</strong></span> <span class='ocrx_word' id='word_1_92' title='bbox 661 1790 725 1853; x_wconf 88' lang='lat' dir='ltr'><strong>aad</strong></span> <span class='ocrx_word' id='word_1_93' title='bbox 748 1789 818 1854; x_wconf 90' lang='lat' dir='ltr'><strong>sub</strong></span> <span class='ocrx_word' id='word_1_94' title='bbox 832 1789 989 1871; x_wconf 84' lang='lat' dir='ltr'><strong>gratia,</strong></span> <span class='ocrx_word' id='word_1_95' title='bbox 1006 1804 1084 1869; x_wconf 87' lang='lat' dir='ltr'><strong>qnae</strong></span> <span class='ocrx_word' id='word_1_96' title='bbox 1100 1785 1176 1850; x_wconf 88' lang='lat' dir='ltr'><strong>dum</strong></span> <span class='ocrx_word' id='word_1_97' title='bbox 1190 1785 1438 1868; x_wconf 82' lang='lat' dir='ltr'><strong>incorruptionem</strong></span> 
     </span>
     <span class='ocr_line' id='line_1_14' title="bbox 326 1887 1438 1975; baseline -0.004 -20"><span class='ocrx_word' id='word_1_98' title='bbox 326 1891 519 1974; x_wconf 81' lang='lat' dir='ltr'><strong>uirginitatis</strong></span> <span class='ocrx_word' id='word_1_99' title='bbox 542 1889 693 1975; x_wconf 83' lang='lat' dir='ltr'><strong>insinuat,</strong></span> <span class='ocrx_word' id='word_1_100' title='bbox 717 1889 814 1955; x_wconf 88' lang='lat' dir='ltr'><strong>etiam</strong></span> <span class='ocrx_word' id='word_1_101' title='bbox 841 1893 937 1956; x_wconf 88' lang='lat' dir='ltr'><strong>istum</strong></span> <span class='ocrx_word' id='word_1_102' title='bbox 959 1889 1120 1954; x_wconf 83' lang='lat' dir='ltr'><strong>innoxium</strong></span> <span class='ocrx_word' id='word_1_103' title='bbox 1135 1907 1173 1953; x_wconf 86' lang='lat' dir='ltr'><strong>ac</strong></span> <span class='ocrx_word' id='word_1_104' title='bbox 1187 1887 1358 1971; x_wconf 84' lang='lat' dir='ltr'><strong>simplicem</strong></span> <span class='ocrx_word' id='word_1_105' title='bbox 1380 1904 1438 1951; x_wconf 89' lang='lat' dir='ltr'><strong>ccr-</strong></span> 
     </span>
     <span class='ocr_line' id='line_1_15' title="bbox 326 1991 1436 2078; baseline -0.005 -20"><span class='ocrx_word' id='word_1_106' title='bbox 326 1995 407 2076; x_wconf 89' lang='lat' dir='ltr'><strong>poris</strong></span> <span class='ocrx_word' id='word_1_107' title='bbox 431 1995 551 2058; x_wconf 86' lang='lat' dir='ltr'><strong>motum</strong></span> <span class='ocrx_word' id='word_1_108' title='bbox 568 1997 598 2058; x_wconf 91' lang='lat' dir='ltr'><strong>et</strong></span> <span class='ocrx_word' id='word_1_109' title='bbox 614 1995 710 2076; x_wconf 89' lang='lat' dir='ltr'><strong>ipsius</strong></span> <span class='ocrx_word' id='word_1_110' title='bbox 727 2013 846 2078; x_wconf 89' lang='lat' dir='ltr'><strong>quoque</strong></span> <span class='ocrx_word' id='word_1_111' title='bbox 862 1995 945 2059; x_wconf 90' lang='lat' dir='ltr'><strong>liciti</strong></span> <span class='ocrx_word' id='word_1_112' title='bbox 960 1995 1060 2060; x_wconf 85' lang='lat' dir='ltr'><strong>coitus</strong></span> <span class='ocrx_word' id='word_1_113' title='bbox 1075 1991 1233 2058; x_wconf 87' lang='lat' dir='ltr'><strong>interimit</strong></span> <span class='ocrx_word' id='word_1_114' title='bbox 1246 1991 1436 2074; x_wconf 90' lang='lat' dir='ltr'><strong>uoluptatem.</strong></span> 
     </span>
     <span class='ocr_line' id='line_1_16' title="bbox 325 2093 1463 2190; baseline -0.002 -28"><span class='ocrx_word' id='word_1_115' title='bbox 325 2103 417 2179; x_wconf 88' lang='lat' dir='ltr'><strong>etque</strong></span> <span class='ocrx_word' id='word_1_116' title='bbox 440 2099 485 2162; x_wconf 89' lang='lat' dir='ltr'><strong>its</strong></span> <span class='ocrx_word' id='word_1_117' title='bbox 507 2097 627 2161; x_wconf 87' lang='lat' dir='ltr'><strong>cunctis</strong></span> <span class='ocrx_word' id='word_1_118' title='bbox 649 2098 870 2180; x_wconf 86' lang='lat' dir='ltr'><strong>inpurissimae</strong></span> <span class='ocrx_word' id='word_1_119' title='bbox 900 2097 1094 2190; x_wconf 84' lang='lat' dir='ltr'><strong>conluuionis</strong></span> <span class='ocrx_word' id='word_1_120' title='bbox 1124 2095 1285 2161; x_wconf 86' lang='lat' dir='ltr'><strong>amoribus</strong></span> <span class='ocrx_word' id='word_1_121' title='bbox 1307 2093 1463 2160; x_wconf 70' lang='lat' dir='ltr'><strong>aeaeae</strong></span> 
     </span>
     <span class='ocr_line' id='line_1_17' title="bbox 326 2198 1436 2286; baseline -0.004 -20"><span class='ocrx_word' id='word_1_122' title='bbox 326 2201 444 2286; x_wconf 84' lang='lat' dir='ltr'><strong>egregii</strong></span> <span class='ocrx_word' id='word_1_123' title='bbox 478 2219 513 2266; x_wconf 85' lang='lat' dir='ltr'><strong>ae</strong></span> <span class='ocrx_word' id='word_1_124' title='bbox 542 2201 714 2268; x_wconf 86' lang='lat' dir='ltr'><strong>laudabiles</strong></span> <span class='ocrx_word' id='word_1_125' title='bbox 745 2203 880 2267; x_wconf 90' lang='lat' dir='ltr'><strong>eunuchi</strong></span> <span class='ocrx_word' id='word_1_126' title='bbox 910 2201 965 2284; x_wconf 88' lang='lat' dir='ltr'><strong>qui</strong></span> <span class='ocrx_word' id='word_1_127' title='bbox 993 2219 1049 2283; x_wconf 91' lang='lat' dir='ltr'><strong>per</strong></span> <span class='ocrx_word' id='word_1_128' title='bbox 1077 2201 1206 2266; x_wconf 78' lang='lat' dir='ltr'><strong>Esaiam</strong></span> <span class='ocrx_word' id='word_1_129' title='bbox 1232 2198 1436 2283; x_wconf 81' lang='lat' dir='ltr'><strong>praedicentur</strong></span> 
     </span>
     <span class='ocr_line' id='line_1_18' title="bbox 325 2301 1435 2388; baseline -0.006 -17"><span class='ocrx_word' id='word_1_130' title='bbox 325 2306 428 2371; x_wconf 84' lang='lat' dir='ltr'><strong>allecti</strong></span> <span class='ocrx_word' id='word_1_131' title='bbox 463 2305 651 2371; x_wconf 88' lang='lat' dir='ltr'><strong>merebimur</strong></span> <span class='ocrx_word' id='word_1_132' title='bbox 685 2306 774 2372; x_wconf 90' lang='lat' dir='ltr'><strong>illam</strong></span> <span class='ocrx_word' id='word_1_133' title='bbox 808 2323 888 2388; x_wconf 89' lang='lat' dir='ltr'><strong>quaa</strong></span> <span class='ocrx_word' id='word_1_134' title='bbox 921 2305 1116 2388; x_wconf 87' lang='lat' dir='ltr'><strong>premittitur</strong></span> <span class='ocrx_word' id='word_1_135' title='bbox 1150 2305 1193 2369; x_wconf 91' lang='lat' dir='ltr'><strong>eis</strong></span> <span class='ocrx_word' id='word_1_136' title='bbox 1225 2301 1435 2368; x_wconf 86' lang='lat' dir='ltr'><strong>beatitudinem</strong></span> 
     </span>
     <span class='ocr_line' id='line_1_19' title="bbox 325 2404 1434 2492; baseline -0.005 -18"><span class='ocrx_word' id='word_1_137' title='bbox 325 2409 497 2492; x_wconf 85' lang='lat' dir='ltr'><strong>possidere:</strong></span> <span class='ocrx_word' id='word_1_138' title='bbox 543 2408 637 2474; x_wconf 88' lang='lat' dir='ltr'><strong>haec</strong></span> <span class='ocrx_word' id='word_1_139' title='bbox 682 2411 765 2474; x_wconf 91' lang='lat' dir='ltr'><strong>enim</strong></span> <span class='ocrx_word' id='word_1_140' title='bbox 808 2409 866 2474; x_wconf 88' lang='lat' dir='ltr'><strong>ait</strong></span> <span class='ocrx_word' id='word_1_141' title='bbox 907 2409 1089 2474; x_wconf 89' lang='lat' dir='ltr'><strong>dominus</strong></span> <span class='ocrx_word' id='word_1_142' title='bbox 1133 2406 1342 2473; x_wconf 87' lang='lat' dir='ltr'><strong>eunuchis:</strong></span> <span class='ocrx_word' id='word_1_143' title='bbox 1379 2404 1434 2487; x_wconf 88' lang='lat' dir='ltr'><strong>qui</strong></span> 
     </span>
     <span class='ocr_line' id='line_1_20' title="bbox 325 2507 1520 2599; baseline -0.003 -23"><span class='ocrx_word' id='word_1_144' title='bbox 325 2513 600 2578; x_wconf 90' lang='lat' dir='ltr'><strong>custodierint</strong></span> <span class='ocrx_word' id='word_1_145' title='bbox 622 2512 912 2595; x_wconf 68' lang='lat' dir='ltr'><strong>sabbatam,</strong></span> <span class='ocrx_word' id='word_1_146' title='bbox 936 2515 975 2576; x_wconf 93' lang='lat' dir='ltr'><strong>at</strong></span> <span class='ocrx_word' id='word_1_147' title='bbox 993 2507 1434 2594; x_wconf 82' lang='lat' dir='ltr'><strong>alagariatquaeuclol‚</strong></span> <span class='ocrx_word' id='word_1_148' title='bbox 1519 2596 1520 2599; x_wconf 8' lang='grc' dir='ltr'><strong>Ἴ</strong></span> 
     </span>
     <span class='ocr_line' id='line_1_21' title="bbox 325 2615 1462 2690; baseline -0.002 -10"><span class='ocrx_word' id='word_1_149' title='bbox 325 2619 364 2680; x_wconf 89' lang='lat' dir='ltr'><strong>et</strong></span> <span class='ocrx_word' id='word_1_150' title='bbox 395 2617 604 2682; x_wconf 86' lang='lat' dir='ltr'><strong>tenuerint</strong></span> <span class='ocrx_word' id='word_1_151' title='bbox 626 2615 762 2682; x_wconf 80' lang='lat' dir='ltr'><strong>foedus</strong></span> <span class='ocrx_word' id='word_1_152' title='bbox 786 2635 925 2681; x_wconf 85' lang='lat' dir='ltr'><strong>meum:</strong></span> <span class='ocrx_word' id='word_1_153' title='bbox 957 2615 1057 2682; x_wconf 88' lang='lat' dir='ltr'><strong>dabo</strong></span> <span class='ocrx_word' id='word_1_154' title='bbox 1079 2615 1136 2680; x_wconf 89' lang='lat' dir='ltr'><strong>eis</strong></span> <span class='ocrx_word' id='word_1_155' title='bbox 1157 2616 1196 2682; x_wconf 92' lang='lat' dir='ltr'><strong>in</strong></span> <span class='ocrx_word' id='word_1_156' title='bbox 1220 2618 1328 2681; x_wconf 91' lang='lat' dir='ltr'><strong>dome</strong></span> <span class='ocrx_word' id='word_1_157' title='bbox 1347 2632 1462 2690; x_wconf 70' lang='lat' dir='ltr'><strong>meare</strong></span> 
     </span>
     <span class='ocr_line' id='line_1_22' title="bbox 324 2719 1435 2801; baseline -0.002 -18"><span class='ocrx_word' id='word_1_158' title='bbox 324 2723 359 2783; x_wconf 86' lang='lat' dir='ltr'><strong>et</strong></span> <span class='ocrx_word' id='word_1_159' title='bbox 392 2720 432 2784; x_wconf 94' lang='lat' dir='ltr'><strong>in</strong></span> <span class='ocrx_word' id='word_1_160' title='bbox 465 2721 587 2785; x_wconf 91' lang='lat' dir='ltr'><strong>muris</strong></span> <span class='ocrx_word' id='word_1_161' title='bbox 624 2721 731 2786; x_wconf 87' lang='lat' dir='ltr'><strong>mais·</strong></span> <span class='ocrx_word' id='word_1_162' title='bbox 754 2720 897 2798; x_wconf 85' lang='lat' dir='ltr'><strong>locum,</strong></span> <span class='ocrx_word' id='word_1_163' title='bbox 925 2723 964 2785; x_wconf 91' lang='lat' dir='ltr'><strong>et</strong></span> <span class='ocrx_word' id='word_1_164' title='bbox 992 2738 1134 2784; x_wconf 90' lang='lat' dir='ltr'><strong>nomen</strong></span> <span class='ocrx_word' id='word_1_165' title='bbox 1164 2719 1307 2784; x_wconf 87' lang='lat' dir='ltr'><strong>melius</strong></span> <span class='ocrx_word' id='word_1_166' title='bbox 1334 2734 1435 2801; x_wconf 86' lang='lat' dir='ltr'><strong>quau</strong></span> 
     </span>
     <span class='ocr_line' id='line_1_23' title="bbox 323 2822 1434 2908; baseline -0.001 -22"><span class='ocrx_word' id='word_1_167' title='bbox 323 2822 432 2887; x_wconf 85' lang='lat' dir='ltr'><strong>liliis</strong></span> <span class='ocrx_word' id='word_1_168' title='bbox 465 2827 505 2887; x_wconf 91' lang='lat' dir='ltr'><strong>et</strong></span> <span class='ocrx_word' id='word_1_169' title='bbox 537 2823 720 2890; x_wconf 84' lang='lat' dir='ltr'><strong>filiabus:</strong></span> <span class='ocrx_word' id='word_1_170' title='bbox 756 2842 896 2890; x_wconf 91' lang='lat' dir='ltr'><strong>nomeu</strong></span> <span class='ocrx_word' id='word_1_171' title='bbox 927 2823 1217 2908; x_wconf 85' lang='lat' dir='ltr'><strong>sempiternum</strong></span> <span class='ocrx_word' id='word_1_172' title='bbox 1250 2826 1348 2890; x_wconf 90' lang='lat' dir='ltr'><strong>dabo</strong></span> <span class='ocrx_word' id='word_1_173' title='bbox 1374 2823 1434 2897; x_wconf 79' lang='lat' dir='ltr'><strong>eia,</strong></span> 
     </span>
    </p>

    <p class='ocr_par' dir='ltr' id='par_1_5' title="bbox 295 2925 1520 3635">
     <span class='ocr_line' id='line_1_24' title="bbox 295 2925 1434 3010; baseline -0.001 -22"><span class='ocrx_word' id='word_1_174' title='bbox 295 2925 426 3008; x_wconf 91' lang='lat' dir='ltr'><strong>8qued</strong></span> <span class='ocrx_word' id='word_1_175' title='bbox 456 2945 531 2992; x_wconf 90' lang='lat' dir='ltr'><strong>nen</strong></span> <span class='ocrx_word' id='word_1_176' title='bbox 560 2928 719 3010; x_wconf 89' lang='lat' dir='ltr'><strong>peribit.</strong></span> <span class='ocrx_word' id='word_1_177' title='bbox 757 2927 810 3010; x_wconf 91' lang='lat' dir='ltr'><strong>qui</strong></span> <span class='ocrx_word' id='word_1_178' title='bbox 841 2931 916 2992; x_wconf 90' lang='lat' dir='ltr'><strong>aunt</strong></span> <span class='ocrx_word' id='word_1_179' title='bbox 945 2929 998 2993; x_wconf 89' lang='lat' dir='ltr'><strong>isti</strong></span> <span class='ocrx_word' id='word_1_180' title='bbox 1028 2927 1086 2993; x_wconf 90' lang='lat' dir='ltr'><strong>filii</strong></span> <span class='ocrx_word' id='word_1_181' title='bbox 1109 2931 1142 2993; x_wconf 88' lang='lat' dir='ltr'><strong>et</strong></span> <span class='ocrx_word' id='word_1_182' title='bbox 1164 2927 1258 3004; x_wconf 80' lang='lat' dir='ltr'><strong>tiliae,</strong></span> <span class='ocrx_word' id='word_1_183' title='bbox 1281 2927 1390 3009; x_wconf 87' lang='lat' dir='ltr'><strong>quibos</strong></span> <span class='ocrx_word' id='word_1_184' title='bbox 1408 2926 1434 2989; x_wconf 91' lang='lat' dir='ltr'><strong>in</strong></span> 
     </span>
     <span class='ocr_line' id='line_1_25' title="bbox 325 3030 1435 3115; baseline -0.001 -21"><span class='ocrx_word' id='word_1_185' title='bbox 325 3031 447 3094; x_wconf 72' lang='lat' dir='ltr'><strong>mutum</strong></span> <span class='ocrx_word' id='word_1_186' title='bbox 471 3030 525 3095; x_wconf 90' lang='lat' dir='ltr'><strong>isti</strong></span> <span class='ocrx_word' id='word_1_187' title='bbox 548 3032 767 3115; x_wconf 80' lang='lat' dir='ltr'><strong>praeferuntur</strong></span> <span class='ocrx_word' id='word_1_188' title='bbox 797 3032 941 3112; x_wconf 85' lang='lat' dir='ltr'><strong>eunuchi,</strong></span> <span class='ocrx_word' id='word_1_189' title='bbox 970 3034 1008 3098; x_wconf 90' lang='lat' dir='ltr'><strong>at</strong></span> <span class='ocrx_word' id='word_1_190' title='bbox 1034 3033 1129 3097; x_wconf 90' lang='lat' dir='ltr'><strong>etiam</strong></span> <span class='ocrx_word' id='word_1_191' title='bbox 1151 3032 1257 3097; x_wconf 90' lang='lat' dir='ltr'><strong>locum</strong></span> <span class='ocrx_word' id='word_1_192' title='bbox 1279 3049 1317 3096; x_wconf 88' lang='lat' dir='ltr'><strong>aa</strong></span> <span class='ocrx_word' id='word_1_193' title='bbox 1337 3044 1435 3096; x_wconf 88' lang='lat' dir='ltr'><strong>nomeu</strong></span> 
     </span>
     <span class='ocr_line' id='line_1_26' title="bbox 324 3133 1520 3220; baseline -0.003 -21"><span class='ocrx_word' id='word_1_194' title='bbox 324 3134 435 3200; x_wconf 86' lang='lat' dir='ltr'><strong>melius</strong></span> <span class='ocrx_word' id='word_1_195' title='bbox 459 3135 617 3217; x_wconf 91' lang='lat' dir='ltr'><strong>accepturi</strong></span> <span class='ocrx_word' id='word_1_196' title='bbox 640 3153 705 3200; x_wconf 91' lang='lat' dir='ltr'><strong>asse</strong></span> <span class='ocrx_word' id='word_1_197' title='bbox 719 3135 872 3220; x_wconf 87' lang='lat' dir='ltr'><strong>dicautur,</strong></span> <span class='ocrx_word' id='word_1_198' title='bbox 897 3135 960 3201; x_wconf 90' lang='lat' dir='ltr'><strong>nisi</strong></span> <span class='ocrx_word' id='word_1_199' title='bbox 982 3135 1033 3200; x_wconf 90' lang='lat' dir='ltr'><strong>illi</strong></span> <span class='ocrx_word' id='word_1_200' title='bbox 1056 3135 1167 3215; x_wconf 87' lang='lat' dir='ltr'><strong>sancti,</strong></span> <span class='ocrx_word' id='word_1_201' title='bbox 1190 3135 1245 3218; x_wconf 93' lang='lat' dir='ltr'><strong>qui</strong></span> <span class='ocrx_word' id='word_1_202' title='bbox 1268 3135 1327 3200; x_wconf 86' lang='lat' dir='ltr'><strong>aab</strong></span> <span class='ocrx_word' id='word_1_203' title='bbox 1348 3133 1461 3199; x_wconf 69' lang='lat' dir='ltr'><strong>nebda</strong></span> <span class='ocrx_word' id='word_1_204' title='bbox 1519 3138 1520 3141; x_wconf 76' lang='grc'>’</span> 
     </span>
     <span class='ocr_line' id='line_1_27' title="bbox 324 3238 1520 3325; baseline -0.001 -21"><span class='ocrx_word' id='word_1_205' title='bbox 324 3242 511 3304; x_wconf 87' lang='lat' dir='ltr'><strong>testamento</strong></span> <span class='ocrx_word' id='word_1_206' title='bbox 526 3239 559 3303; x_wconf 92' lang='lat' dir='ltr'><strong>in</strong></span> <span class='ocrx_word' id='word_1_207' title='bbox 575 3238 789 3325; x_wconf 88' lang='lat' dir='ltr'><strong>coniugiorum</strong></span> <span class='ocrx_word' id='word_1_208' title='bbox 802 3243 912 3324; x_wconf 88' lang='lat' dir='ltr'><strong>copula</strong></span> <span class='ocrx_word' id='word_1_209' title='bbox 922 3244 1139 3324; x_wconf 85' lang='lat' dir='ltr'><strong>permanentes</strong></span> <span class='ocrx_word' id='word_1_210' title='bbox 1151 3258 1206 3323; x_wconf 92' lang='lat' dir='ltr'><strong>per</strong></span> <span class='ocrx_word' id='word_1_211' title='bbox 1217 3238 1435 3307; x_wconf 86' lang='lat' dir='ltr'><strong>obseruantism</strong></span> <span class='ocrx_word' id='word_1_212' title='bbox 1519 3310 1520 3313; x_wconf 8' lang='grc' dir='ltr'><strong>Ἴ</strong></span> 
     </span>
     <span class='ocr_line' id='line_1_28' title="bbox 324 3342 1435 3427; baseline -0.001 -22"><span class='ocrx_word' id='word_1_213' title='bbox 324 3342 542 3407; x_wconf 81' lang='lat' dir='ltr'><strong>mandaterum</strong></span> <span class='ocrx_word' id='word_1_214' title='bbox 575 3342 610 3407; x_wconf 92' lang='lat' dir='ltr'><strong>in</strong></span> <span class='ocrx_word' id='word_1_215' title='bbox 638 3345 836 3427; x_wconf 88' lang='lat' dir='ltr'><strong>adoptionem</strong></span> <span class='ocrx_word' id='word_1_216' title='bbox 866 3342 1004 3410; x_wconf 91' lang='lat' dir='ltr'><strong>filiorum</strong></span> <span class='ocrx_word' id='word_1_217' title='bbox 1033 3343 1084 3409; x_wconf 89' lang='lat' dir='ltr'><strong>dai</strong></span> <span class='ocrx_word' id='word_1_218' title='bbox 1113 3361 1175 3410; x_wconf 94' lang='lat' dir='ltr'><strong>non</strong></span> <span class='ocrx_word' id='word_1_219' title='bbox 1203 3344 1349 3410; x_wconf 89' lang='lat' dir='ltr'><strong>inmerito</strong></span> <span class='ocrx_word' id='word_1_220' title='bbox 1375 3359 1435 3425; x_wconf 91' lang='lat' dir='ltr'><strong>par·</strong></span> 
     </span>
     <span class='ocr_line' id='line_1_29' title="bbox 323 3444 1520 3529; baseline 0.008 -21"><span class='ocrx_word' id='word_1_221' title='bbox 323 3447 496 3510; x_wconf 80' lang='lat' dir='ltr'><strong>uenerunt?</strong></span> <span class='ocrx_word' id='word_1_222' title='bbox 525 3447 607 3527; x_wconf 88' lang='lat' dir='ltr'><strong>quod</strong></span> <span class='ocrx_word' id='word_1_223' title='bbox 637 3445 734 3513; x_wconf 90' lang='lat' dir='ltr'><strong>etiam</strong></span> <span class='ocrx_word' id='word_1_224' title='bbox 757 3466 869 3513; x_wconf 90' lang='lat' dir='ltr'><strong>nomen</strong></span> <span class='ocrx_word' id='word_1_225' title='bbox 892 3449 940 3512; x_wconf 86' lang='lat' dir='ltr'><strong>est</strong></span> <span class='ocrx_word' id='word_1_226' title='bbox 961 3447 1053 3528; x_wconf 91' lang='lat' dir='ltr'><strong>illud,</strong></span> <span class='ocrx_word' id='word_1_227' title='bbox 1076 3446 1158 3529; x_wconf 86' lang='lat' dir='ltr'><strong>qood</strong></span> <span class='ocrx_word' id='word_1_228' title='bbox 1181 3447 1227 3512; x_wconf 90' lang='lat' dir='ltr'><strong>eis</strong></span> <span class='ocrx_word' id='word_1_229' title='bbox 1250 3446 1339 3513; x_wconf 86' lang='lat' dir='ltr'><strong>uelut</strong></span> <span class='ocrx_word' id='word_1_230' title='bbox 1357 3461 1435 3528; x_wconf 78' lang='lat' dir='ltr'><strong>prae·</strong></span> <span class='ocrx_word' id='word_1_231' title='bbox 1519 3444 1520 3517; x_wconf 74' lang='lat' dir='ltr'><strong>l</strong></span> 
     </span>
     <span class='ocr_line' id='line_1_30' title="bbox 323 3547 1520 3635; baseline 0.003 -24"><span class='ocrx_word' id='word_1_232' title='bbox 323 3547 448 3631; x_wconf 89' lang='lat' dir='ltr'><strong>cipnum</strong></span> <span class='ocrx_word' id='word_1_233' title='bbox 485 3547 633 3631; x_wconf 89' lang='lat' dir='ltr'><strong>quiddam</strong></span> <span class='ocrx_word' id='word_1_234' title='bbox 666 3549 735 3616; x_wconf 91' lang='lat' dir='ltr'><strong>uice</strong></span> <span class='ocrx_word' id='word_1_235' title='bbox 769 3550 1031 3616; x_wconf 84' lang='lat' dir='ltr'><strong>remunerationis</strong></span> <span class='ocrx_word' id='word_1_236' title='bbox 1065 3561 1208 3616; x_wconf 87' lang='lat' dir='ltr'><strong>summae</strong></span> <span class='ocrx_word' id='word_1_237' title='bbox 1240 3549 1433 3635; x_wconf 85' lang='lat' dir='ltr'><strong>promittitur,</strong></span> <span class='ocrx_word' id='word_1_238' title='bbox 1519 3548 1520 3625; x_wconf 71' lang='grc' dir='ltr'>ξ</span> 
     </span>
    </p>
   </div>
   <div class='ocr_carea' id='block_1_3' title="bbox 323 3761 1377 3914">
    <p class='ocr_par' dir='ltr' id='par_1_6' title="bbox 323 3761 1377 3914">
     <span class='ocr_line' id='line_1_31' title="bbox 426 3761 1377 3842; baseline 0.005 -28"><span class='ocrx_word' id='word_1_239' title='bbox 426 3761 567 3815; x_wconf 76' lang='lat' dir='ltr'><strong>ruem</strong></span> <span class='ocrx_word' id='word_1_240' title='bbox 649 3761 757 3842; x_wconf 67' lang='lat' dir='ltr'><strong>aaa</strong></span> <span class='ocrx_word' id='word_1_241' title='bbox 847 3763 941 3818; x_wconf 77' lang='lat' dir='ltr'><strong>aaa.</strong></span> <span class='ocrx_word' id='word_1_242' title='bbox 1035 3761 1183 3818; x_wconf 75' lang='lat' dir='ltr'><strong>aiere</strong></span> <span class='ocrx_word' id='word_1_243' title='bbox 1271 3765 1377 3819; x_wconf 76' lang='lat' dir='ltr'><strong>rane</strong></span> 
     </span>
     <span class='ocr_line' id='line_1_32' title="bbox 323 3843 910 3914; baseline 0.014 -16"><span class='ocrx_word' id='word_1_244' title='bbox 323 3843 595 3914; x_wconf 70' lang='lat' dir='ltr'><strong>remeses-e</strong></span> <span class='ocrx_word' id='word_1_245' title='bbox 905 3863 910 3872; x_wconf 96' lang='lat'>·</span> 
     </span>
    </p>
   </div>
   <div class='ocr_carea' id='block_1_4' title="bbox 320 4041 1520 4443">
    <p class='ocr_par' dir='ltr' id='par_1_7' title="bbox 320 4041 1520 4443">
     <span class='ocr_line' id='line_1_33' title="bbox 373 4041 1520 4117; baseline 0.004 -21"><span class='ocrx_word' id='word_1_246' title='bbox 373 4042 388 4095; x_wconf 85' lang='grc'><strong>7</strong></span> <span class='ocrx_word' id='word_1_247' title='bbox 407 4041 517 4097; x_wconf 91' lang='lat' dir='ltr'><strong>libidini</strong></span> <span class='ocrx_word' id='word_1_248' title='bbox 534 4043 572 4113; x_wconf 73' lang='lat' dir='ltr'><strong>dc</strong></span> <span class='ocrx_word' id='word_1_249' title='bbox 657 4046 674 4100; x_wconf 89' lang='lat'>8</span> <span class='ocrx_word' id='word_1_250' title='bbox 692 4049 830 4114; x_wconf 82' lang='lat' dir='ltr'><strong>peceatum</strong></span> <span class='ocrx_word' id='word_1_251' title='bbox 842 4047 871 4099; x_wconf 89' lang='lat' dir='ltr'><strong>in</strong></span> <span class='ocrx_word' id='word_1_252' title='bbox 883 4045 960 4100; x_wconf 87' lang='lat' dir='ltr'><strong>nobie</strong></span> <span class='ocrx_word' id='word_1_253' title='bbox 971 4047 1025 4100; x_wconf 88' lang='lat' dir='ltr'><strong>iam</strong></span> <span class='ocrx_word' id='word_1_254' title='bbox 1039 4047 1103 4115; x_wconf 87' lang='lat' dir='ltr'><strong>(iem</strong></span> <span class='ocrx_word' id='word_1_255' title='bbox 1116 4061 1167 4101; x_wconf 74' lang='lat' dir='ltr'><strong>erra</strong></span> <span class='ocrx_word' id='word_1_256' title='bbox 1180 4046 1229 4117; x_wconf 82' lang='lat'><strong>0¹)</strong></span> <span class='ocrx_word' id='word_1_257' title='bbox 1247 4062 1300 4101; x_wconf 90' lang='lat' dir='ltr'><strong>non</strong></span> <span class='ocrx_word' id='word_1_258' title='bbox 1314 4046 1376 4117; x_wconf 71' lang='lat' dir='ltr'><strong>Ode</strong></span> <span class='ocrx_word' id='word_1_259' title='bbox 1519 4080 1520 4109; x_wconf 57' lang='lat'>2</span> 
     </span>
     <span class='ocr_line' id='line_1_34' title="bbox 322 4130 1520 4203; baseline 0.007 -22"><span class='ocrx_word' id='word_1_260' title='bbox 322 4130 354 4182; x_wconf 89' lang='lat'><strong>11</strong></span> <span class='ocrx_word' id='word_1_261' title='bbox 379 4131 471 4183; x_wconf 85' lang='lat' dir='ltr'><strong>antrat</strong></span> <span class='ocrx_word' id='word_1_262' title='bbox 495 4130 526 4185; x_wconf 83' lang='lat' dir='ltr'><strong><em>F</em></strong></span> <span class='ocrx_word' id='word_1_263' title='bbox 628 4132 659 4186; x_wconf 87' lang='grc'><strong>14</strong></span> <span class='ocrx_word' id='word_1_264' title='bbox 677 4133 816 4186; x_wconf 89' lang='lat' dir='ltr'><strong>interemit</strong></span> <span class='ocrx_word' id='word_1_265' title='bbox 833 4131 873 4186; x_wconf 57' lang='grc' dir='ltr'><strong>Βἰ</strong></span> <span class='ocrx_word' id='word_1_266' title='bbox 976 4134 1144 4188; x_wconf 82' lang='lat' dir='ltr'><strong>uoluntatem</strong></span> <span class='ocrx_word' id='word_1_267' title='bbox 1164 4133 1211 4202; x_wconf 75' lang='lat' dir='ltr'><strong>Oli</strong></span> <span class='ocrx_word' id='word_1_268' title='bbox 1314 4134 1346 4188; x_wconf 83' lang='lat' dir='ltr'><strong>lt</strong></span> <span class='ocrx_word' id='word_1_269' title='bbox 1360 4130 1431 4198; x_wconf 70' lang='lat' dir='ltr'><strong>adque</strong></span> <span class='ocrx_word' id='word_1_270' title='bbox 1519 4140 1520 4203; x_wconf 68' lang='lat' dir='ltr'><strong>l</strong></span> 
     </span>
     <span class='ocr_line' id='line_1_35' title="bbox 321 4214 1520 4289; baseline 0.005 -21"><span class='ocrx_word' id='word_1_271' title='bbox 321 4214 348 4268; x_wconf 99' lang='grc' dir='ltr'><strong><em>Β</em></strong></span> <span class='ocrx_word' id='word_1_272' title='bbox 444 4215 602 4272; x_wconf 86' lang='lat' dir='ltr'><strong>humoribus</strong></span> <span class='ocrx_word' id='word_1_273' title='bbox 621 4214 734 4288; x_wconf 66' lang='lat' dir='ltr'><strong>B’FOd</strong></span> <span class='ocrx_word' id='word_1_274' title='bbox 829 4220 861 4273; x_wconf 81' lang='lat'><strong>16</strong></span> <span class='ocrx_word' id='word_1_275' title='bbox 879 4235 987 4289; x_wconf 80' lang='lat' dir='ltr'><strong>esayam</strong></span> <span class='ocrx_word' id='word_1_276' title='bbox 1006 4219 1030 4275; x_wconf 90' lang='lat'><em>0</em></span> <span class='ocrx_word' id='word_1_277' title='bbox 1124 4221 1156 4274; x_wconf 81' lang='lat' dir='ltr'><strong>ll</strong></span> <span class='ocrx_word' id='word_1_278' title='bbox 1173 4217 1321 4276; x_wconf 87' lang='lat' dir='ltr'><strong>merebitur</strong></span> <span class='ocrx_word' id='word_1_279' title='bbox 1336 4217 1375 4273; x_wconf 81' lang='lat' dir='ltr'><strong>K·</strong></span> <span class='ocrx_word' id='word_1_280' title='bbox 1519 4214 1520 4285; x_wconf 76' lang='lat' dir='ltr'><strong>l</strong></span> 
     </span>
     <span class='ocr_line' id='line_1_36' title="bbox 320 4294 1520 4375; baseline 0.003 -21"><span class='ocrx_word' id='word_1_281' title='bbox 320 4297 355 4354; x_wconf 70' lang='grc' dir='ltr'><strong>ΒΟ</strong></span> <span class='ocrx_word' id='word_1_282' title='bbox 373 4301 440 4356; x_wconf 89' lang='lat' dir='ltr'><strong>dabo</strong></span> <span class='ocrx_word' id='word_1_283' title='bbox 458 4303 495 4356; x_wconf 87' lang='lat' dir='ltr'><strong>eia</strong></span> <span class='ocrx_word' id='word_1_284' title='bbox 513 4317 582 4358; x_wconf 73' lang='lat' dir='ltr'><strong>eros</strong></span> <span class='ocrx_word' id='word_1_285' title='bbox 599 4303 631 4357; x_wconf 75' lang='lat' dir='ltr'><strong>to</strong></span> <span class='ocrx_word' id='word_1_286' title='bbox 648 4303 677 4358; x_wconf 91' lang='grc' dir='ltr'><strong><em>Β</em></strong></span> <span class='ocrx_word' id='word_1_287' title='bbox 769 4305 804 4359; x_wconf 75' lang='grc'><strong>26</strong></span> <span class='ocrx_word' id='word_1_288' title='bbox 820 4309 910 4360; x_wconf 72' lang='lat' dir='ltr'><strong>uatem</strong></span> <span class='ocrx_word' id='word_1_289' title='bbox 926 4304 955 4375; x_wconf 81' lang='grc' dir='ltr'><strong>β“</strong></span> <span class='ocrx_word' id='word_1_290' title='bbox 1046 4304 1080 4360; x_wconf 84' lang='lat'><strong>28</strong></span> <span class='ocrx_word' id='word_1_291' title='bbox 1097 4305 1178 4360; x_wconf 87' lang='lat' dir='ltr'><strong>uelud</strong></span> <span class='ocrx_word' id='word_1_292' title='bbox 1195 4305 1224 4360; x_wconf 94' lang='grc' dir='ltr'><strong><em>Β</em></strong></span> <span class='ocrx_word' id='word_1_293' title='bbox 1312 4307 1346 4363; x_wconf 71' lang='grc'><strong>29</strong></span> <span class='ocrx_word' id='word_1_294' title='bbox 1361 4300 1430 4374; x_wconf 85' lang='lat' dir='ltr'><strong>qnod·</strong></span> <span class='ocrx_word' id='word_1_295' title='bbox 1519 4294 1520 4303; x_wconf 66' lang='grc'>’</span> 
     </span>
     <span class='ocr_line' id='line_1_37' title="bbox 320 4380 1520 4443; baseline 0.006 -3"><span class='ocrx_word' id='word_1_296' title='bbox 320 4387 382 4440; x_wconf 87' lang='lat' dir='ltr'><strong>dam</strong></span> <span class='ocrx_word' id='word_1_297' title='bbox 402 4387 465 4443; x_wconf 76' lang='grc' dir='ltr'><strong>ΘΚι</strong></span> <span class='ocrx_word' id='word_1_298' title='bbox 1519 4380 1520 4389; x_wconf 53' lang='grc'>’</span> 
     </span>
    </p>
   </div>
   <div class='ocr_carea' id='block_1_5' title="bbox 0 0 1550 4967">
    <p class='ocr_par' dir='ltr' id='par_1_8' title="bbox 0 0 1550 4967">
     <span class='ocr_line' id='line_1_38' title="bbox 0 0 1550 4967; baseline 0 3"><span class='ocrx_word' id='word_1_299' title='bbox 0 0 1550 4967; x_wconf 95' lang='lat' dir='ltr'><strong> </strong></span> 
     </span>
    </p>
   </div>
  </div>
 </body>
</html>
