3092 4967
270 431 335 497 270
656 430 824 488 Iohannis
847 432 1006 489 Cessisni

270 625 303 685 te
324 621 358 685 et
378 620 412 685 in
434 620 540 687 futuro
562 642 628 689 esse
651 627 883 709 praestandum,
914 625 970 690 sed
991 641 1135 709 rogamus
1158 625 1194 688 ut
1217 640 1288 687 eum
1307 620 1399 687 nobis

271 722 363 789 bodie
395 723 549 808 largiaris,
583 726 655 808 qnia
688 727 751 792 nisi
784 746 854 793 eum
888 726 1048 809 percipere
1080 726 1150 810 quie
1179 727 1213 791 in
1239 724 1298 789 bac
1331 724 1401 789 nita

272 826 431 903 meruerit,
453 827 486 892 in
510 828 566 894 illa
588 830 653 895 eius
674 831 831 915 particeps
855 849 920 896 esee
943 849 1004 896 non
1025 830 1149 913 poterit.

314 944 415 1012 XXII.
437 948 485 1012 Et
506 948 666 1015 dimitte
688 950 803 1017 nobis
826 952 961 1017 debita
982 951 1116 1015 nostra
1137 950 1247 1015 sicut
1268 952 1308 1013 et
1329 966 1400 1013 nos

274 1049 518 1117 dimittimus
551 1052 800 1120 debitoribus
832 1056 995 1120 nostris.
1035 1052 1240 1120 oineffobilis
1266 1053 1317 1118 dei
1335 1053 1434 1118 cle-r

273 1154 401 1231 mentia,
429 1173 507 1237 qnae
534 1174 595 1221 non
627 1159 730 1222 solum
757 1157 848 1223 nobis
878 1158 1026 1223 orationis
1055 1156 1187 1223 tradidit
1209 1156 1348 1223 formam
1372 1158 1403 1223 et

273 1258 494 1340 acceptabilem
525 1258 589 1324 sibi
615 1278 738 1325 morum
764 1265 941 1326 nostrorum
969 1260 1112 1327 instituit
1140 1261 1345 1343 disciplinam
1360 1278 1404 1325 ,ao
1522 1342 1523 1349 ἵ

274 1377 327 1441 per
349 1362 566 1427 necessitatem
590 1364 724 1429 traditae
751 1364 914 1443 formulae,
945 1382 1005 1447 qna
1027 1382 1060 1429 se
1090 1367 1246 1448 praecepit
1268 1384 1288 1430 a
1311 1364 1404 1429 nobis
1522 1354 1523 1361 '

274 1482 395 1546 semper
428 1466 519 1546 orari,
553 1466 618 1531 irae
651 1468 770 1551 pariter
799 1486 834 1533 ac
862 1468 1011 1533 tristitiae
1043 1467 1153 1533 euellit
1186 1469 1316 1545 radices,
1348 1466 1404 1532 sed

274 1566 371 1632 etiam
395 1570 583 1637 occasionem
606 1572 788 1656 rogantibus
819 1573 931 1638 tribuit
953 1572 1059 1655 eisque
1080 1575 1198 1639 reserat
1219 1572 1317 1645 uiam,
1343 1589 1436 1654 quero

275 1670 411 1736 clemens
433 1691 469 1738 ac
490 1676 577 1756 pinm
600 1694 674 1760 erga
695 1696 729 1741 se
751 1678 922 1759 pronoeent
951 1677 1001 1742 dei
1023 1676 1174 1741 indicium
1197 1674 1404 1759 promulgari,

275 1780 307 1837 et
330 1775 554 1856 quodammodo
575 1780 762 1861 potestatem
785 1780 899 1845 tribuit
922 1799 983 1863 qua
1004 1779 1116 1845 iudicis
1131 1780 1231 1845 nostri
1245 1778 1406 1862 possimus

275 1878 464 1943 sententiam
480 1886 662 1964 temperare,
677 1884 717 1948 ad
730 1884 857 1948 neniam
872 1883 1056 1949 delictorum
1071 1886 1245 1949 nostrorum
1261 1882 1405 1964 exemplo

276 1998 349 2044 eum
378 1986 501 2049 nostrae
529 1986 722 2052 remissionis
751 1991 901 2067 artantes,
933 1988 1007 2053 dum
1038 1988 1170 2053 dicimus
1201 1985 1245 2051 ei:
1275 1985 1406 2051 dimitte

246 2081 365 2149 inobis
387 2084 470 2151 sicut
491 2092 524 2152 et
545 2107 600 2154 nos
628 2090 814 2156 dimisimus.
851 2092 956 2173 itaque
988 2108 1115 2157 securus
1137 2089 1231 2155 huius
1253 2090 1407 2154 orationis
1416 2112 1438 2151 re

276 2186 390 2253 fiducia
418 2192 455 2255 de
483 2192 548 2257 suis
577 2193 722 2259 admissis
744 2196 868 2261 ueniam
891 2195 1072 2278 postulabit,
1101 2194 1231 2276 quisque
1253 2193 1408 2256 remissus

276 2308 350 2373 erge
378 2310 450 2358 snos
473 2297 646 2381 dumtaxat,
677 2317 740 2364 non
762 2318 836 2382 erge
858 2298 977 2364 domini
1003 2299 1052 2363 eni
1075 2298 1215 2363 extiterit
1238 2296 1407 2362 debitores.

276 2395 411 2463 solemus
434 2400 550 2465 etenim
574 2401 725 2485 nonnulli,
750 2401 831 2485 quod
852 2407 901 2467 est
923 2402 1068 2480 deterius,
1101 2420 1174 2486 erge
1197 2399 1254 2465 ille
1275 2399 1406 2482 quidem

276 2517 355 2582 quae
387 2500 598 2569 admittuntur
628 2504 667 2568 ad
697 2506 844 2569 iniuriam
875 2504 936 2584 dei,
967 2504 1111 2587 quamuis
1133 2522 1319 2587 magnorum
1343 2504 1408 2568 sint

277 2602 453 2682 criminum,
477 2605 615 2687 placidos
638 2626 693 2673 nos
715 2609 748 2673 et
770 2607 1027 2674 clementissimos
1058 2607 1212 2685 exhibere,
1244 2624 1320 2689 erga
1350 2624 1440 2671 nom
1523 2632 1524 2647 ι

277 2708 413 2773 stratum
435 2726 508 2773 uero
530 2712 582 2774 uel
604 2711 864 2792 paucissimarum
888 2712 1091 2777 offensionum
1121 2711 1226 2777 debita
1248 2710 1409 2774 exactores
1523 2712 1524 2717 ’

247 2807 407 2875 3inmites
428 2815 522 2894 atque
536 2811 739 2881 inexorabiles
754 2816 901 2881 inueniri.
936 2816 1078 2899 quisquis
1093 2814 1193 2898 igitur
1208 2814 1240 2879 in
1255 2832 1290 2877 se
1305 2812 1409 2877 delin-

277 2913 385 2995 quenti
412 2914 504 2980 fretri
531 2935 593 2982 non
622 2937 659 2982 ex
688 2918 778 2983 corde
808 2920 975 3003 remiserit,
1005 2936 1066 2983 non
1090 2917 1329 3000 indulgentium,
1354 2914 1410 2981 sed

278 3016 569 3085 condemnationem
603 3022 818 3104 deprecatione
846 3024 907 3089 hec
929 3024 1055 3090 sibimet
1082 3020 1262 3105 inpetrabit,
1289 3036 1409 3101 suaque

278 3121 466 3202 professione
489 3127 588 3191 semet
610 3124 715 3209 ipsum
736 3131 843 3211 poscet
866 3128 965 3193 dirius
987 3125 1123 3193 iudicari
1139 3124 1261 3191 dicens:
1278 3122 1441 3188 remittes

279 3226 357 3291 mihi
393 3228 475 3293 sicut
507 3230 541 3295 et
573 3248 630 3313 ego
664 3229 782 3295 remisi.
819 3234 899 3313 quod
934 3248 1005 3295 cnm
1040 3228 1089 3295 illi
1117 3230 1287 3295 secundnm
1316 3244 1408 3292 suam

279 3329 464 3411 petitionem
488 3332 583 3397 fuerit
604 3337 813 3416 repensatum,
842 3333 915 3416 quid
939 3333 1023 3398 eliud
1040 3333 1244 3414 subsequetur
1260 3348 1356 3413 quam
1373 3332 1409 3394 nt

280 3434 418 3516 exemplo
448 3453 504 3500 suo
534 3435 717 3519 inplacabili
746 3440 793 3501 ira
815 3439 847 3502 et
868 3437 1032 3502 irremissa
1054 3434 1212 3501 sententia
1233 3434 1409 3517 punietur?

382 3640 400 3693 4
417 3638 468 3692 Mt.
487 3638 512 3703 6,
532 3640 565 3693 12

334 3828 424 3885 balio
441 3829 472 3884 X
572 3830 720 3887 4demitte
737 3832 806 3886 D¹P
902 3831 1099 3888 bdibitoribus
1121 3831 1156 3887 V*
1258 3828 1412 3885 Gtrsdedit

282 3916 324 3971 D¹
411 3916 510 3988 isibi]
529 3917 582 3972 sibi
599 3918 629 3973 in
646 3918 724 3972 nobis
747 3919 802 3976 ΟΧ
886 3920 967 3989 Spro
986 3922 1016 3976 D
1100 3920 1260 3975 necessitate
1276 3917 1342 3975 12¹0

283 4004 416 4057 fnrmnlee
434 4004 471 4059 1⁷¹
560 4006 720 4061 borareD¹
814 4008 893 4061 euelli
911 4009 944 4063 0²
1037 4010 1067 4062 11
1088 4008 1202 4063 olemnue
1213 4006 1255 4063 D¹
1281 4005 1411 4060 clementi

283 4088 326 4144 D'
412 4089 581 4146 inditian
666 4094 848 4163 reposcamus
864 4094 914 4150 VP
1000 4094 1033 4149 14
1044 4095 1157 4149 demitte
1169 4093 1240 4148 ΒΨ
1325 4090 1356 4145 15
1368 4089 1411 4143 di·

283 4176 422 4231 mittimus
440 4178 556 4235 D'OPo
644 4180 677 4235 18
694 4180 920 4250 quecquidemO
1008 4180 1141 4250 iiadqne
1156 4180 1208 4236 ΥΡ
1290 4176 1411 4232 inuenire

283 4262 326 4317 13¹
413 4265 448 4319 24
465 4266 612 4334 inpetrauit
623 4267 681 4322 DP
767 4268 802 4323 25
819 4270 908 4337 poscet
922 4267 985 4324 OX:
1012 4269 1098 4338 poscit
1114 4266 1195 4323 VDP
1278 4264 1311 4319 26
1327 4262 1409 4330 aient]

283 4385 402 4441 snntD¹
415 4363 766 4459 (onumeecompendioi)
856 4388 890 4443 21
903 4390 973 4443 elius
989 4388 1016 4443 V
1104 4386 1277 4456 subsequitur
1288 4382 1341 4439 ΒΡ
