3092 4967
282 428 350 510 θ662
633 416 639 430 ’
674 441 842 496 lobannis
867 439 1026 494 Cassiani

288 631 407 715 aliquid
439 649 543 697 eornm
574 651 666 698 carne
696 631 872 696 conmittat.
913 631 986 713 quid
1017 632 1066 694 est
1093 631 1176 694 cuim
1206 627 1325 694 seruire
1346 627 1409 711 legi

257 737 419 818 4peccati,
448 737 510 802 nisi
540 737 597 802 ille
625 755 703 818 quae
734 755 752 802 a
780 743 906 817 peccate
934 735 1130 816 imperantur
1159 733 1301 814 inplere?
1329 732 1410 813 qued

288 857 361 922 erge
395 841 513 923 peccati
545 859 643 924 genus
677 844 734 921 est,
766 858 827 922 que
856 859 927 904 cum
956 857 988 902 se
1014 841 1106 904 tauta
1134 836 1286 901 sauctitas
1319 838 1410 916 atque

287 941 434 1023 perfectio
457 944 573 1008 sentiat
596 943 758 1022 captiuam,
789 944 892 1024 gratia
915 947 1020 1006 tamen
1046 939 1166 1006 Christi
1187 959 1249 1004 nen
1272 939 1411 1021 ambigat

188 1129 193 1140 Ι
289 1045 483 1111 liberandam
499 1045 619 1111 dicens:
644 1045 789 1111 infelix
811 1065 880 1128 ege
895 1048 1021 1111 berne:
1045 1045 1132 1129 quis
1148 1064 1204 1110 me
1221 1041 1412 1109 liberabit
1430 1061 1443 1100 s

289 1150 330 1212 ds
364 1167 521 1231 corpore
557 1150 695 1214 mortis
733 1149 870 1213 buius?
905 1147 1043 1230 gratia
1074 1149 1136 1212 dei
1174 1168 1241 1230 per
1278 1148 1411 1212 lesum

289 1249 490 1321 Christum
520 1252 716 1318 deminum
739 1253 944 1318 nostrum?
974 1271 1077 1335 quarn,
1102 1255 1239 1334 inquam,
1263 1249 1412 1315 membris

289 1355 403 1420 nestris
433 1356 532 1438 legem
563 1358 663 1422 inesse
695 1355 873 1432 firmabitis,
905 1375 983 1438 quae
1012 1355 1197 1421 abstrahens
1226 1373 1282 1420 nes
1305 1353 1412 1437 alege

287 1456 337 1520 dei
371 1461 403 1522 et
435 1464 597 1538 captiuans
627 1459 660 1524 in
691 1460 759 1542 lege
789 1460 908 1541 peceati
939 1459 1078 1524 infelices
1108 1477 1164 1524 nes
1190 1459 1293 1539 petius
1316 1457 1413 1521 faciat

289 1577 381 1641 quam
416 1565 572 1642 nocentes,
605 1567 641 1628 ut
673 1581 736 1628 nen
770 1561 905 1627 aeternis
939 1561 1101 1644 suppliciis
1136 1561 1325 1636 addicamur,
1359 1561 1443 1654 sede

291 1664 379 1744 quasi
403 1664 441 1728 de
463 1666 637 1747 interrupte
664 1665 869 1730 beatitudinis
891 1664 1006 1747 gaudie
1027 1666 1218 1746 suspiremus
1234 1667 1266 1728 et
1279 1663 1411 1728 auxilia·

291 1772 390 1830 torem
413 1767 467 1848 qui
490 1786 544 1834 nes
567 1770 606 1834 ad
628 1771 660 1836 id
682 1769 821 1834 retrabat
843 1768 1036 1852 inquirentes
1052 1787 1123 1833 cnm
1140 1768 1279 1849 apostole
1294 1767 1411 1849 presla-

290 1887 426 1934 memus:
451 1872 596 1936 infelix
620 1891 689 1956 ego
711 1873 839 1937 hemo:
862 1872 948 1954 quis
971 1891 1029 1937 me
1051 1872 1249 1937 liberabit
1268 1871 1313 1934 de
1336 1889 1411 1933 cer·

260 1977 379 2054 bpere
398 1977 537 2040 mortis
553 1976 691 2040 huiusi
714 1976 826 2042 abduci
840 1993 975 2057 namque
990 1974 1149 2056 captiuum
1164 1977 1197 2039 ln
1211 1974 1281 2057 lege
1296 1974 1411 2056 peccati

291 2077 365 2157 qnid
387 2079 436 2152 est
457 2078 541 2144 aliud
566 2097 657 2160 quam
674 2080 707 2144 in
723 2079 834 2144 effectu
850 2079 968 2158 peccati
993 2085 1087 2160 atque
1105 2096 1196 2159 epere
1211 2076 1441 2157 permaneretis

291 2181 347 2244 aut
369 2183 450 2262 quod
472 2182 559 2247 aliud
582 2182 755 2264 principale
778 2181 904 2248 dabitur
926 2180 1045 2246 benum
1068 2181 1149 2264 qued
1173 2180 1273 2244 sancti
1290 2178 1410 2260 explere

292 2301 350 2348 nen
373 2286 501 2366 possint,
526 2287 585 2351 uisi
608 2287 652 2363 id,
675 2285 714 2350 ad
737 2287 823 2350 cuins
846 2285 1097 2366 conparationem
1120 2287 1264 2364 utsupra
1279 2282 1410 2347 diximus

292 2388 438 2452 uniuersa
459 2407 515 2454 nec
538 2393 616 2456 bona
639 2389 735 2453 sunt?
762 2389 908 2470 squidem
931 2389 1078 2452 nouimus
1102 2387 1204 2452 multa
1227 2405 1294 2450 esse
1309 2387 1343 2449 in
1358 2385 1411 2450 bec

291 2490 406 2556 mundo
440 2492 519 2556 bona
553 2492 777 2573 praecipueque
806 2491 998 2573 pudicitiam,
1029 2489 1266 2564 continentiam,
1296 2489 1410 2554 subris-

292 2595 400 2670 tatem,
431 2594 653 2671 bumilitatem,
684 2594 847 2660 iustitiam.
881 2592 1135 2670 misericerdiam,
1163 2593 1441 2673 temperantiamse

291 2696 456 2777 pietatem:
480 2701 533 2764 sed
557 2700 633 2764 baec
655 2700 760 2763 emnia
782 2702 815 2762 st
837 2696 1031 2786 summetilli
1054 2695 1135 2760 bene
1157 2696 1244 2778 paria
1266 2714 1333 2760 esse
1355 2712 1409 2759 neu

291 2804 419 2881 possunt
442 2805 473 2864 et
495 2802 599 2881 perfici
624 2820 684 2866 nen
708 2802 810 2866 dicam
834 2801 873 2865 ab
895 2799 1055 2881 apostulis,
1079 2799 1251 2863 sedetiam
1276 2818 1293 2862 ι
1316 2799 1407 2862 medi·

290 2903 412 2968 auribus
441 2909 580 2985 pessunt,
611 2908 642 2970 et
665 2925 684 2970 a
705 2906 817 2986 quibus
839 2905 958 2985 inpleta
979 2922 1037 2968 neu
1064 2902 1190 2979 fuerint,
1212 2904 1269 2967 aut
1291 2904 1409 2966 aeterno

292 3007 443 3087 supplicia
472 3009 643 3096 puniuntur
672 3013 727 3074 aut
756 3009 868 3091 grandi
900 3014 936 3071 ut
966 3026 1062 3088 supra
1090 3007 1208 3070 dictum
1238 3010 1287 3068 est
1309 3005 1408 3070 labere

262 3109 508 3194 6paenitentiae,
531 3129 591 3178 nun
615 3113 770 3178 cutidiana
793 3112 911 3178 Christi
932 3113 1037 3196 gratia
1052 3111 1237 3174 liberantur.
1271 3103 1437 3189 superestis

291 3213 388 3293 igitur
416 3218 453 3278 nt
481 3215 562 3280 hanc
590 3217 724 3297 apostoli
755 3218 942 3281 sententiam
971 3215 1030 3278 seli
1060 3218 1238 3278 sanctorum
1269 3228 1408 3294 personae

291 3320 374 3380 recte
396 3318 552 3383 fateamur
574 3319 683 3416 aptari,
707 3321 815 3401 quiin
844 3319 925 3382 banc
955 3336 1049 3400 quam
1074 3314 1286 3395 praediximus
1308 3314 1407 3377 incur·

392 3519 408 3571 5
428 3516 502 3570 Rom.
523 3517 546 3580 7,
565 3517 667 3570 24-25
771 3519 804 3571 13
822 3518 840 3570 l.
860 3534 880 3570 c.
901 3518 934 3569 24

342 3689 480 3756 liegeB-
575 3689 639 3742 fea
659 3689 726 3757 Ode
821 3687 997 3756 3ndqneB'
1087 3688 1290 3741 blibcrandum
1308 3686 1346 3755 βι

290 3773 417 3827 liberauit
441 3775 511 3828 ΒΨ
613 3775 627 3826 ‘l
654 3775 681 3827 in
705 3774 832 3828 membris
857 3773 881 3829 0
987 3775 1005 3828 8
1027 3773 1190 3826 abstrahens
1213 3773 1243 3826 B
1273 3770 1408 3825 abtrabens

291 3855 315 3914 0
417 3861 433 3913 9
458 3861 485 3912 ιι
511 3877 562 3914 om.
584 3861 621 3930 {ic
724 3859 809 3914 faciat
833 3861 924 3928 petius
952 3860 975 3914 0
1080 3860 1111 3912 10
1137 3857 1293 3912 &dicamus
1317 3857 1348 3910 K

292 3945 323 3997 12
349 3945 382 3998 sd
405 3946 444 4015 id]
468 3946 500 3998 eb
524 3946 551 4000 id
577 3945 600 4001 O
629 3963 659 4000 ex
683 3947 725 3999 bis
748 3946 808 4000 BF
906 3945 1021 3998 redimat
1040 3945 1092 4000 0·
1165 3943 1292 4011 apostule
1309 3943 1345 3996 13¹

292 4031 324 4083 13
346 4031 473 4085 liberauit
497 4031 565 4087 ΒΤ
667 4031 858 4102 141ιιςι1ιΖΙ
962 4033 994 4084 15
1012 4031 1082 4084 aliut
1099 4030 1137 4084 B¹
1168 4029 1244 4083 aliud
1261 4032 1304 4083 est
1321 4028 1350 4082 F

291 4117 414 4171 effectum
434 4119 471 4172 B*
559 4119 645 4187 adque
663 4120 701 4172 Βι
800 4121 831 4174 16
850 4120 921 4172 aliut
937 4118 994 4172 ΒΟ
1087 4115 1212 4170 daturo
1308 4115 1338 4167 ιι
1355 4127 1405 4180 pee-

290 4205 395 4260 suutO
489 4208 520 4259 la
538 4205 647 4260 ..ebena
665 4221 711 4259 nec
730 4207 798 4260 bona
817 4213 874 4271 (nec
891 4208 971 4270 eras.)
990 4203 1020 4258 F
1109 4201 1260 4270 etquidem
1283 4199 1346 4269 Ode

292 4290 324 4341 19
342 4291 516 4346 subsistatem
536 4293 575 4345 Κι
667 4294 699 4346 21
718 4291 766 4345 illu
786 4292 810 4347 0
895 4291 965 4344 bena
981 4290 1021 4344 Βι
1111 4287 1145 4342 22
1162 4287 1302 4356 superdei
1321 4285 1347 4338 B

291 4375 324 4429 25
340 4376 471 4446 cottidfi
574 4381 608 4431 26
626 4379 666 4447 ut]
686 4379 813 4446 ιιιιιιιβ
851 4447 854 4453 Ι
915 4377 948 4428 ’27
968 4377 1057 4428 abtari
1079 4375 1101 4429 0
