<?xml version="1.0" encoding="UTF-8"?>
<!DOCTYPE html PUBLIC "-//W3C//DTD XHTML 1.0 Transitional//EN"
    "http://www.w3.org/TR/xhtml1/DTD/xhtml1-transitional.dtd">
<html xmlns="http://www.w3.org/1999/xhtml" xml:lang="en" lang="en">
 <head>
  <title>
</title>
<meta http-equiv="Content-Type" content="text/html;charset=utf-8" />
  <meta name='ocr-system' content='tesseract 3.04.00' />
  <meta name='ocr-capabilities' content='ocr_page ocr_carea ocr_par ocr_line ocrx_word'/>
</head>
<body>
  <div class='ocr_page' id='page_1' title='image "./iohanniscassian00petsgoog_0044.png"; bbox 0 0 3092 4967; ppageno 0'>
   <div class='ocr_carea' id='block_1_1' title="bbox 301 406 1031 475">
    <p class='ocr_par' dir='ltr' id='par_1_1' title="bbox 301 406 1031 475">
     <span class='ocr_line' id='line_1_1' title="bbox 301 406 1031 475; baseline 0 -14"><span class='ocrx_word' id='word_1_1' title='bbox 301 412 343 475; x_wconf 81' lang='lat'>34</span> <span class='ocrx_word' id='word_1_2' title='bbox 691 406 855 462; x_wconf 86' lang='lat' dir='ltr'>Iohannis</span> <span class='ocrx_word' id='word_1_3' title='bbox 876 408 1031 464; x_wconf 77' lang='lat' dir='ltr'>(laesioni</span> 
     </span>
    </p>
   </div>
   <div class='ocr_carea' id='block_1_2' title="bbox 267 598 1455 3160">
    <p class='ocr_par' dir='ltr' id='par_1_2' title="bbox 267 598 1455 3160">
     <span class='ocr_line' id='line_1_2' title="bbox 300 598 1422 683; baseline -0.002 -18"><span class='ocrx_word' id='word_1_4' title='bbox 300 601 524 683; x_wconf 84' lang='lat' dir='ltr'>pretiosissimo</span> <span class='ocrx_word' id='word_1_5' title='bbox 547 600 768 682; x_wconf 88' lang='lat' dir='ltr'>scripturarum</span> <span class='ocrx_word' id='word_1_6' title='bbox 795 600 909 665; x_wconf 89' lang='lat' dir='ltr'>uitioso</span> <span class='ocrx_word' id='word_1_7' title='bbox 931 600 964 663; x_wconf 87' lang='lat' dir='ltr'>et</span> <span class='ocrx_word' id='word_1_8' title='bbox 984 598 1140 663; x_wconf 84' lang='lat' dir='ltr'>haeretico</span> <span class='ocrx_word' id='word_1_9' title='bbox 1161 616 1254 665; x_wconf 89' lang='lat' dir='ltr'>senen</span> <span class='ocrx_word' id='word_1_10' title='bbox 1277 615 1340 663; x_wconf 88' lang='lat' dir='ltr'>non</span> <span class='ocrx_word' id='word_1_11' title='bbox 1353 598 1422 664; x_wconf 89' lang='lat' dir='ltr'>ueri</span> 
     </span>
     <span class='ocr_line' id='line_1_3' title="bbox 300 701 1423 786; baseline -0.004 -17"><span class='ocrx_word' id='word_1_12' title='bbox 300 704 391 786; x_wconf 75' lang='lat' dir='ltr'>regis,</span> <span class='ocrx_word' id='word_1_13' title='bbox 426 703 480 767; x_wconf 88' lang='lat' dir='ltr'>sod</span> <span class='ocrx_word' id='word_1_14' title='bbox 513 703 637 786; x_wconf 87' lang='lat' dir='ltr'>tyranni</span> <span class='ocrx_word' id='word_1_15' title='bbox 667 701 848 785; x_wconf 87' lang='lat' dir='ltr'>praeferunt</span> <span class='ocrx_word' id='word_1_16' title='bbox 875 703 1008 781; x_wconf 82' lang='lat' dir='ltr'>uultum,</span> <span class='ocrx_word' id='word_1_17' title='bbox 1039 702 1185 785; x_wconf 86' lang='lat' dir='ltr'>similiter</span> <span class='ocrx_word' id='word_1_18' title='bbox 1211 701 1423 767; x_wconf 71' lang='lat' dir='ltr'>discernentes</span> 
     </span>
     <span class='ocr_line' id='line_1_4' title="bbox 297 803 1421 888; baseline -0.003 -16"><span class='ocrx_word' id='word_1_19' title='bbox 297 806 435 872; x_wconf 86' lang='lat' dir='ltr'>reiutnre</span> <span class='ocrx_word' id='word_1_20' title='bbox 456 806 622 888; x_wconf 88' lang='lat' dir='ltr'>possimus,</span> <span class='ocrx_word' id='word_1_21' title='bbox 645 806 796 885; x_wconf 75' lang='lat' dir='ltr'>sindilla,</span> <span class='ocrx_word' id='word_1_22' title='bbox 817 822 950 887; x_wconf 87' lang='lat' dir='ltr'>quorum</span> <span class='ocrx_word' id='word_1_23' title='bbox 972 804 1091 886; x_wconf 91' lang='lat' dir='ltr'>pondus</span> <span class='ocrx_word' id='word_1_24' title='bbox 1105 822 1142 869; x_wconf 90' lang='lat' dir='ltr'>sc</span> <span class='ocrx_word' id='word_1_25' title='bbox 1156 803 1293 886; x_wconf 89' lang='lat' dir='ltr'>pretium</span> <span class='ocrx_word' id='word_1_26' title='bbox 1307 820 1421 887; x_wconf 74' lang='lat' dir='ltr'>aerugo</span> 
     </span>
     <span class='ocr_line' id='line_1_5' title="bbox 299 907 1422 991; baseline -0.003 -18"><span class='ocrx_word' id='word_1_27' title='bbox 299 910 448 974; x_wconf 86' lang='lat' dir='ltr'>uenitetis</span> <span class='ocrx_word' id='word_1_28' title='bbox 481 910 633 974; x_wconf 81' lang='lat' dir='ltr'>adrodens</span> <span class='ocrx_word' id='word_1_29' title='bbox 661 908 768 991; x_wconf 83' lang='lat' dir='ltr'>exagio</span> <span class='ocrx_word' id='word_1_30' title='bbox 795 908 952 973; x_wconf 84' lang='lat' dir='ltr'>seniorum</span> <span class='ocrx_word' id='word_1_31' title='bbox 978 926 1039 973; x_wconf 89' lang='lat' dir='ltr'>non</span> <span class='ocrx_word' id='word_1_32' title='bbox 1065 907 1144 973; x_wconf 90' lang='lat' dir='ltr'>sinit</span> <span class='ocrx_word' id='word_1_33' title='bbox 1178 907 1355 989; x_wconf 84' lang='lat' dir='ltr'>adaequari,</span> <span class='ocrx_word' id='word_1_34' title='bbox 1385 908 1422 973; x_wconf 88' lang='lat' dir='ltr'>ut</span> 
     </span>
     <span class='ocr_line' id='line_1_6' title="bbox 299 963 1455 1177; baseline -0.004 -101"><span class='ocrx_word' id='word_1_35' title='bbox 299 1013 487 1077; x_wconf 83' lang='lat' dir='ltr'>nomismata</span> <span class='ocrx_word' id='word_1_36' title='bbox 501 1010 585 1076; x_wconf 86' lang='lat' dir='ltr'>leuis</span> <span class='ocrx_word' id='word_1_37' title='bbox 607 1014 699 1093; x_wconf 89' lang='lat' dir='ltr'>atque</span> <span class='ocrx_word' id='word_1_38' title='bbox 714 1014 862 1078; x_wconf 77' lang='lat' dir='ltr'>damnoso</span> <span class='ocrx_word' id='word_1_39' title='bbox 876 1011 1040 1094; x_wconf 86' lang='lat' dir='ltr'>minusque</span> <span class='ocrx_word' id='word_1_40' title='bbox 1054 1012 1217 1093; x_wconf 77' lang='lat' dir='ltr'>pensantia</span> <span class='ocrx_word' id='word_1_41' title='bbox 1231 963 1455 1177; x_wconf 44' lang='lat' dir='ltr'>recusandis</span> 
     </span>
     <span class='ocr_line' id='line_1_7' title="bbox 299 1114 1385 1197; baseline -0.002 -18"><span class='ocrx_word' id='word_1_42' title='bbox 299 1134 336 1181; x_wconf 93' lang='lat' dir='ltr'>ne</span> <span class='ocrx_word' id='word_1_43' title='bbox 358 1116 392 1180; x_wconf 94' lang='lat' dir='ltr'>iu</span> <span class='ocrx_word' id='word_1_44' title='bbox 414 1116 493 1181; x_wconf 92' lang='lat' dir='ltr'>illud</span> <span class='ocrx_word' id='word_1_45' title='bbox 521 1114 700 1194; x_wconf 80' lang='lat' dir='ltr'>incidentes,</span> <span class='ocrx_word' id='word_1_46' title='bbox 729 1115 810 1197; x_wconf 91' lang='lat' dir='ltr'>quod</span> <span class='ocrx_word' id='word_1_47' title='bbox 832 1115 999 1180; x_wconf 83' lang='lat' dir='ltr'>obseruare</span> <span class='ocrx_word' id='word_1_48' title='bbox 1028 1118 1095 1179; x_wconf 88' lang='lat' dir='ltr'>tota</span> <span class='ocrx_word' id='word_1_49' title='bbox 1117 1115 1233 1179; x_wconf 83' lang='lat' dir='ltr'>uirtute</span> <span class='ocrx_word' id='word_1_50' title='bbox 1255 1132 1385 1197; x_wconf 84' lang='lat' dir='ltr'>praecep</span> 
     </span>
     <span class='ocr_line' id='line_1_8' title="bbox 297 1217 1419 1293; baseline -0.002 -10"><span class='ocrx_word' id='word_1_51' title='bbox 297 1219 415 1283; x_wconf 92' lang='lat' dir='ltr'>domiui</span> <span class='ocrx_word' id='word_1_52' title='bbox 445 1234 683 1293; x_wconf 88' lang='lat' dir='ltr'>commonemur,</span> <span class='ocrx_word' id='word_1_53' title='bbox 713 1221 832 1283; x_wconf 90' lang='lat' dir='ltr'>conctis</span> <span class='ocrx_word' id='word_1_54' title='bbox 855 1217 996 1284; x_wconf 89' lang='lat' dir='ltr'>laborum</span> <span class='ocrx_word' id='word_1_55' title='bbox 1022 1219 1196 1284; x_wconf 89' lang='lat' dir='ltr'>nostrorum</span> <span class='ocrx_word' id='word_1_56' title='bbox 1218 1218 1340 1281; x_wconf 87' lang='lat' dir='ltr'>meritis</span> <span class='ocrx_word' id='word_1_57' title='bbox 1361 1217 1419 1281; x_wconf 92' lang='lat' dir='ltr'>sti·</span> 
     </span>
     <span class='ocr_line' id='line_1_9' title="bbox 298 1319 1420 1404; baseline -0.001 -18"><span class='ocrx_word' id='word_1_58' title='bbox 298 1321 477 1404; x_wconf 72' lang='lat' dir='ltr'>penditurus</span> <span class='ocrx_word' id='word_1_59' title='bbox 504 1321 700 1386; x_wconf 78' lang='lat' dir='ltr'>fraudemur:</span> <span class='ocrx_word' id='word_1_60' title='bbox 735 1320 866 1385; x_wconf 89' lang='lat' dir='ltr'>nolite</span> <span class='ocrx_word' id='word_1_61' title='bbox 894 1320 1166 1386; x_wconf 85' lang='lat' dir='ltr'>thesaurizare</span> <span class='ocrx_word' id='word_1_62' title='bbox 1197 1319 1308 1385; x_wconf 86' lang='lat' dir='ltr'>nobie</span> <span class='ocrx_word' id='word_1_63' title='bbox 1338 1319 1420 1385; x_wconf 89' lang='lat' dir='ltr'>the-</span> 
     </span>
     <span class='ocr_line' id='line_1_10' title="bbox 298 1422 1419 1506; baseline -0.001 -19"><span class='ocrx_word' id='word_1_64' title='bbox 298 1440 434 1491; x_wconf 79' lang='lat' dir='ltr'>sauros</span> <span class='ocrx_word' id='word_1_65' title='bbox 455 1425 497 1489; x_wconf 95' lang='lat' dir='ltr'>in</span> <span class='ocrx_word' id='word_1_66' title='bbox 520 1427 643 1501; x_wconf 83' lang='lat' dir='ltr'>terra,</span> <span class='ocrx_word' id='word_1_67' title='bbox 673 1422 740 1487; x_wconf 90' lang='lat' dir='ltr'>ubi</span> <span class='ocrx_word' id='word_1_68' title='bbox 759 1440 907 1506; x_wconf 76' lang='lat' dir='ltr'>aerugo</span> <span class='ocrx_word' id='word_1_69' title='bbox 930 1427 967 1487; x_wconf 91' lang='lat' dir='ltr'>et</span> <span class='ocrx_word' id='word_1_70' title='bbox 989 1424 1095 1488; x_wconf 88' lang='lat' dir='ltr'>tinea</span> <span class='ocrx_word' id='word_1_71' title='bbox 1116 1422 1357 1499; x_wconf 80' lang='lat' dir='ltr'>demolitur,</span> <span class='ocrx_word' id='word_1_72' title='bbox 1379 1427 1419 1487; x_wconf 91' lang='lat' dir='ltr'>et</span> 
     </span>
     <span class='ocr_line' id='line_1_11' title="bbox 267 1524 1453 1610; baseline 0 -20"><span class='ocrx_word' id='word_1_73' title='bbox 267 1526 487 1593; x_wconf 70' lang='lat' dir='ltr'>subitores</span> <span class='ocrx_word' id='word_1_74' title='bbox 504 1525 968 1592; x_wconf 85' lang='lat' dir='ltr'>effodiuntetfurantur.</span> <span class='ocrx_word' id='word_1_75' title='bbox 993 1524 1143 1610; x_wconf 87' lang='lat' dir='ltr'>quidquid</span> <span class='ocrx_word' id='word_1_76' title='bbox 1169 1526 1253 1593; x_wconf 91' lang='lat' dir='ltr'>euim</span> <span class='ocrx_word' id='word_1_77' title='bbox 1279 1529 1417 1592; x_wconf 90' lang='lat' dir='ltr'>oontem-</span> <span class='ocrx_word' id='word_1_78' title='bbox 1429 1552 1453 1591; x_wconf 87' lang='grc' dir='ltr'>ιο</span> 
     </span>
     <span class='ocr_line' id='line_1_12' title="bbox 298 1628 1419 1714; baseline -0.002 -19"><span class='ocrx_word' id='word_1_79' title='bbox 298 1632 433 1714; x_wconf 77' lang='lat' dir='ltr'>piatione</span> <span class='ocrx_word' id='word_1_80' title='bbox 459 1630 614 1695; x_wconf 91' lang='lat' dir='ltr'>humanae</span> <span class='ocrx_word' id='word_1_81' title='bbox 636 1628 750 1713; x_wconf 80' lang='lat' dir='ltr'>gloriae</span> <span class='ocrx_word' id='word_1_82' title='bbox 772 1629 946 1706; x_wconf 81' lang='lat' dir='ltr'>fecerimus,</span> <span class='ocrx_word' id='word_1_83' title='bbox 970 1628 1003 1692; x_wconf 94' lang='lat' dir='ltr'>in</span> <span class='ocrx_word' id='word_1_84' title='bbox 1024 1630 1111 1694; x_wconf 80' lang='lat' dir='ltr'>terre</span> <span class='ocrx_word' id='word_1_85' title='bbox 1132 1648 1188 1695; x_wconf 91' lang='lat' dir='ltr'>nos</span> <span class='ocrx_word' id='word_1_86' title='bbox 1210 1630 1419 1695; x_wconf 79' lang='lat' dir='ltr'>thesaurizure</span> 
     </span>
     <span class='ocr_line' id='line_1_13' title="bbox 297 1732 1418 1816; baseline 0.002 -21"><span class='ocrx_word' id='word_1_87' title='bbox 297 1732 467 1797; x_wconf 90' lang='lat' dir='ltr'>secundum</span> <span class='ocrx_word' id='word_1_88' title='bbox 490 1733 608 1797; x_wconf 92' lang='lat' dir='ltr'>domini</span> <span class='ocrx_word' id='word_1_89' title='bbox 632 1733 818 1797; x_wconf 86' lang='lat' dir='ltr'>sententiam</span> <span class='ocrx_word' id='word_1_90' title='bbox 842 1734 1027 1808; x_wconf 87' lang='lat' dir='ltr'>nouerimue,</span> <span class='ocrx_word' id='word_1_91' title='bbox 1050 1737 1082 1799; x_wconf 92' lang='lat' dir='ltr'>et</span> <span class='ocrx_word' id='word_1_92' title='bbox 1103 1738 1324 1816; x_wconf 72' lang='lat' dir='ltr'>consequenter</span> <span class='ocrx_word' id='word_1_93' title='bbox 1337 1733 1418 1799; x_wconf 93' lang='lat' dir='ltr'>illud</span> 
     </span>
     <span class='ocr_line' id='line_1_14' title="bbox 297 1836 1419 1920; baseline -0.001 -19"><span class='ocrx_word' id='word_1_94' title='bbox 297 1839 457 1919; x_wconf 86' lang='lat' dir='ltr'>tamquam</span> <span class='ocrx_word' id='word_1_95' title='bbox 480 1836 567 1901; x_wconf 90' lang='lat' dir='ltr'>humi</span> <span class='ocrx_word' id='word_1_96' title='bbox 591 1837 782 1901; x_wconf 88' lang='lat' dir='ltr'>reconditum</span> <span class='ocrx_word' id='word_1_97' title='bbox 805 1837 837 1900; x_wconf 93' lang='lat' dir='ltr'>in</span> <span class='ocrx_word' id='word_1_98' title='bbox 858 1838 1034 1920; x_wconf 86' lang='lat' dir='ltr'>terramque</span> <span class='ocrx_word' id='word_1_99' title='bbox 1048 1838 1206 1903; x_wconf 84' lang='lat' dir='ltr'>defossum</span> <span class='ocrx_word' id='word_1_100' title='bbox 1221 1838 1272 1901; x_wconf 90' lang='lat' dir='ltr'>uel</span> <span class='ocrx_word' id='word_1_101' title='bbox 1287 1836 1419 1902; x_wconf 82' lang='lat' dir='ltr'>diuersis</span> 
     </span>
     <span class='ocr_line' id='line_1_15' title="bbox 297 1940 1418 2023; baseline 0 -18"><span class='ocrx_word' id='word_1_102' title='bbox 297 1940 467 2006; x_wconf 86' lang='lat' dir='ltr'>daemoniis</span> <span class='ocrx_word' id='word_1_103' title='bbox 489 1940 739 2023; x_wconf 91' lang='lat' dir='ltr'>depopulandum</span> <span class='ocrx_word' id='word_1_104' title='bbox 771 1940 823 2004; x_wconf 92' lang='lat' dir='ltr'>uel</span> <span class='ocrx_word' id='word_1_105' title='bbox 850 1941 937 2005; x_wconf 82' lang='lat' dir='ltr'>edaci</span> <span class='ocrx_word' id='word_1_106' title='bbox 966 1940 1149 2007; x_wconf 79' lang='lat' dir='ltr'>cenodoxiae</span> <span class='ocrx_word' id='word_1_107' title='bbox 1177 1940 1322 2023; x_wconf 78' lang='lat' dir='ltr'>aerugine</span> <span class='ocrx_word' id='word_1_108' title='bbox 1344 1957 1418 2005; x_wconf 91' lang='lat' dir='ltr'>con-</span> 
     </span>
     <span class='ocr_line' id='line_1_16' title="bbox 296 2042 1451 2125; baseline 0.001 -17"><span class='ocrx_word' id='word_1_109' title='bbox 296 2042 483 2109; x_wconf 87' lang='lat' dir='ltr'>sumendum</span> <span class='ocrx_word' id='word_1_110' title='bbox 506 2043 556 2107; x_wconf 90' lang='lat' dir='ltr'>uel</span> <span class='ocrx_word' id='word_1_111' title='bbox 580 2044 626 2107; x_wconf 89' lang='lat' dir='ltr'>ita</span> <span class='ocrx_word' id='word_1_112' title='bbox 648 2043 808 2125; x_wconf 88' lang='lat' dir='ltr'>superbiae</span> <span class='ocrx_word' id='word_1_113' title='bbox 827 2044 921 2109; x_wconf 88' lang='lat' dir='ltr'>tineis</span> <span class='ocrx_word' id='word_1_114' title='bbox 942 2043 1161 2120; x_wconf 85' lang='lat' dir='ltr'>deuorandum,</span> <span class='ocrx_word' id='word_1_115' title='bbox 1183 2046 1220 2109; x_wconf 92' lang='lat' dir='ltr'>ut</span> <span class='ocrx_word' id='word_1_116' title='bbox 1242 2043 1281 2108; x_wconf 84' lang='lat' dir='ltr'>ad</span> <span class='ocrx_word' id='word_1_117' title='bbox 1296 2043 1451 2109; x_wconf 70' lang='lat' dir='ltr'>nullamne</span> 
     </span>
     <span class='ocr_line' id='line_1_17' title="bbox 295 2145 1417 2229; baseline 0 -18"><span class='ocrx_word' id='word_1_118' title='bbox 295 2145 486 2211; x_wconf 89' lang='lat' dir='ltr'>recondentis</span> <span class='ocrx_word' id='word_1_119' title='bbox 509 2145 679 2211; x_wconf 86' lang='lat' dir='ltr'>utilitatem</span> <span class='ocrx_word' id='word_1_120' title='bbox 694 2146 999 2229; x_wconf 86' lang='lat' dir='ltr'>emolumentumque</span> <span class='ocrx_word' id='word_1_121' title='bbox 1013 2147 1170 2227; x_wconf 87' lang='lat' dir='ltr'>respiciat.</span> <span class='ocrx_word' id='word_1_122' title='bbox 1197 2165 1304 2212; x_wconf 88' lang='lat' dir='ltr'>omnes</span> <span class='ocrx_word' id='word_1_123' title='bbox 1319 2148 1417 2228; x_wconf 77' lang='lat' dir='ltr'>igitur</span> 
     </span>
     <span class='ocr_line' id='line_1_18' title="bbox 295 2248 1417 2333; baseline 0.002 -20"><span class='ocrx_word' id='word_1_124' title='bbox 295 2250 394 2315; x_wconf 83' lang='lat' dir='ltr'>cerdis</span> <span class='ocrx_word' id='word_1_125' title='bbox 416 2250 512 2315; x_wconf 91' lang='lat' dir='ltr'>nostri</span> <span class='ocrx_word' id='word_1_126' title='bbox 527 2267 665 2315; x_wconf 88' lang='lat' dir='ltr'>recessus</span> <span class='ocrx_word' id='word_1_127' title='bbox 688 2248 803 2333; x_wconf 79' lang='lat' dir='ltr'>iugiter</span> <span class='ocrx_word' id='word_1_128' title='bbox 821 2250 1035 2333; x_wconf 86' lang='lat' dir='ltr'>perscrutandi</span> <span class='ocrx_word' id='word_1_129' title='bbox 1049 2252 1123 2316; x_wconf 86' lang='lat' dir='ltr'>aunt</span> <span class='ocrx_word' id='word_1_130' title='bbox 1138 2258 1169 2315; x_wconf 91' lang='lat' dir='ltr'>et</span> <span class='ocrx_word' id='word_1_131' title='bbox 1184 2250 1417 2317; x_wconf 84' lang='lat' dir='ltr'>ascendentium</span> 
     </span>
     <span class='ocr_line' id='line_1_19' title="bbox 294 2354 1418 2437; baseline 0 -20"><span class='ocrx_word' id='word_1_132' title='bbox 294 2358 327 2419; x_wconf 91' lang='lat' dir='ltr'>in</span> <span class='ocrx_word' id='word_1_133' title='bbox 355 2372 406 2418; x_wconf 89' lang='lat' dir='ltr'>eos</span> <span class='ocrx_word' id='word_1_134' title='bbox 434 2354 569 2435; x_wconf 84' lang='lat' dir='ltr'>uestigia</span> <span class='ocrx_word' id='word_1_135' title='bbox 597 2354 792 2435; x_wconf 85' lang='lat' dir='ltr'>indagatione</span> <span class='ocrx_word' id='word_1_136' title='bbox 820 2355 1022 2437; x_wconf 80' lang='lat' dir='ltr'>sagacissime</span> <span class='ocrx_word' id='word_1_137' title='bbox 1055 2354 1262 2433; x_wconf 77' lang='lat' dir='ltr'>retractanda,</span> <span class='ocrx_word' id='word_1_138' title='bbox 1292 2373 1331 2420; x_wconf 93' lang='lat' dir='ltr'>ne</span> <span class='ocrx_word' id='word_1_139' title='bbox 1357 2372 1418 2436; x_wconf 88' lang='lat' dir='ltr'>qua</span> 
     </span>
     <span class='ocr_line' id='line_1_20' title="bbox 295 2454 1415 2540; baseline 0.002 -19"><span class='ocrx_word' id='word_1_140' title='bbox 295 2459 374 2522; x_wconf 86' lang='lat' dir='ltr'>forte</span> <span class='ocrx_word' id='word_1_141' title='bbox 396 2454 618 2523; x_wconf 87' lang='lat' dir='ltr'>intellectualis</span> <span class='ocrx_word' id='word_1_142' title='bbox 632 2456 747 2522; x_wconf 88' lang='lat' dir='ltr'>ibidem</span> <span class='ocrx_word' id='word_1_143' title='bbox 765 2459 872 2531; x_wconf 85' lang='lat' dir='ltr'>bestia,</span> <span class='ocrx_word' id='word_1_144' title='bbox 889 2458 940 2522; x_wconf 92' lang='lat' dir='ltr'>uel</span> <span class='ocrx_word' id='word_1_145' title='bbox 956 2458 1004 2522; x_wconf 90' lang='lat' dir='ltr'>leo</span> <span class='ocrx_word' id='word_1_146' title='bbox 1020 2457 1072 2522; x_wconf 92' lang='lat' dir='ltr'>uel</span> <span class='ocrx_word' id='word_1_147' title='bbox 1087 2457 1189 2539; x_wconf 84' lang='lat' dir='ltr'>draco,</span> <span class='ocrx_word' id='word_1_148' title='bbox 1205 2458 1415 2540; x_wconf 81' lang='lat' dir='ltr'>pertransiens</span> 
     </span>
     <span class='ocr_line' id='line_1_21' title="bbox 293 2560 1450 2645; baseline 0.004 -21"><span class='ocrx_word' id='word_1_149' title='bbox 293 2560 468 2645; x_wconf 87' lang='lat' dir='ltr'>perniciosa</span> <span class='ocrx_word' id='word_1_150' title='bbox 488 2560 623 2643; x_wconf 85' lang='lat' dir='ltr'>uestigio</span> <span class='ocrx_word' id='word_1_151' title='bbox 645 2562 780 2625; x_wconf 85' lang='lat' dir='ltr'>latenter</span> <span class='ocrx_word' id='word_1_152' title='bbox 801 2561 993 2643; x_wconf 76' lang='lat' dir='ltr'>inpresserit</span> <span class='ocrx_word' id='word_1_153' title='bbox 1021 2562 1133 2643; x_wconf 90' lang='lat' dir='ltr'>quibus</span> <span class='ocrx_word' id='word_1_154' title='bbox 1154 2580 1296 2627; x_wconf 79' lang='lat' dir='ltr'>acuerem</span> <span class='ocrx_word' id='word_1_155' title='bbox 1318 2561 1450 2629; x_wconf 80' lang='lat' dir='ltr'>etiamn</span> 
     </span>
     <span class='ocr_line' id='line_1_22' title="bbox 294 2664 1415 2749; baseline 0.003 -21"><span class='ocrx_word' id='word_1_156' title='bbox 294 2665 403 2729; x_wconf 89' lang='lat' dir='ltr'>ceteris</span> <span class='ocrx_word' id='word_1_157' title='bbox 427 2664 457 2727; x_wconf 95' lang='lat' dir='ltr'>in</span> <span class='ocrx_word' id='word_1_158' title='bbox 481 2664 575 2746; x_wconf 83' lang='lat' dir='ltr'>adyto</span> <span class='ocrx_word' id='word_1_159' title='bbox 596 2664 730 2745; x_wconf 89' lang='lat' dir='ltr'>pectoris</span> <span class='ocrx_word' id='word_1_160' title='bbox 752 2665 853 2728; x_wconf 90' lang='lat' dir='ltr'>nostri</span> <span class='ocrx_word' id='word_1_161' title='bbox 873 2683 929 2747; x_wconf 87' lang='lat' dir='ltr'>per</span> <span class='ocrx_word' id='word_1_162' title='bbox 944 2666 1167 2748; x_wconf 78' lang='lat' dir='ltr'>cogitationum</span> <span class='ocrx_word' id='word_1_163' title='bbox 1183 2664 1415 2749; x_wconf 77' lang='lat' dir='ltr'>neglegentiam</span> 
     </span>
     <span class='ocr_line' id='line_1_23' title="bbox 293 2768 1415 2851; baseline 0 -18"><span class='ocrx_word' id='word_1_164' title='bbox 293 2768 486 2850; x_wconf 87' lang='lat' dir='ltr'>praebeatur.</span> <span class='ocrx_word' id='word_1_165' title='bbox 525 2772 557 2831; x_wconf 85' lang='lat' dir='ltr'>at</span> <span class='ocrx_word' id='word_1_166' title='bbox 579 2768 624 2831; x_wconf 88' lang='lat' dir='ltr'>ita</span> <span class='ocrx_word' id='word_1_167' title='bbox 646 2768 861 2851; x_wconf 82' lang='lat' dir='ltr'>persingulas</span> <span class='ocrx_word' id='word_1_168' title='bbox 888 2768 979 2833; x_wconf 89' lang='lat' dir='ltr'>horas</span> <span class='ocrx_word' id='word_1_169' title='bbox 1000 2772 1096 2850; x_wconf 80' lang='lat' dir='ltr'>atque</span> <span class='ocrx_word' id='word_1_170' title='bbox 1117 2772 1277 2833; x_wconf 87' lang='lat' dir='ltr'>momenta</span> <span class='ocrx_word' id='word_1_171' title='bbox 1297 2771 1415 2833; x_wconf 87' lang='lat' dir='ltr'>terram</span> 
     </span>
     <span class='ocr_line' id='line_1_24' title="bbox 294 2869 1414 2955; baseline 0 -20"><span class='ocrx_word' id='word_1_172' title='bbox 294 2869 395 2936; x_wconf 90' lang='lat' dir='ltr'>cordis</span> <span class='ocrx_word' id='word_1_173' title='bbox 418 2869 516 2935; x_wconf 81' lang='lat' dir='ltr'>nostri</span> <span class='ocrx_word' id='word_1_174' title='bbox 539 2871 718 2955; x_wconf 83' lang='lat' dir='ltr'>coangelico</span> <span class='ocrx_word' id='word_1_175' title='bbox 740 2874 854 2945; x_wconf 84' lang='lat' dir='ltr'>aratro,</span> <span class='ocrx_word' id='word_1_176' title='bbox 882 2869 940 2935; x_wconf 85' lang='lat' dir='ltr'>hoc</span> <span class='ocrx_word' id='word_1_177' title='bbox 961 2873 1009 2935; x_wconf 90' lang='lat' dir='ltr'>est</span> <span class='ocrx_word' id='word_1_178' title='bbox 1030 2871 1096 2954; x_wconf 78' lang='lat' dir='ltr'>iugi</span> <span class='ocrx_word' id='word_1_179' title='bbox 1119 2871 1290 2937; x_wconf 88' lang='lat' dir='ltr'>dominicae</span> <span class='ocrx_word' id='word_1_180' title='bbox 1313 2872 1414 2936; x_wconf 88' lang='lat' dir='ltr'>crucis</span> 
     </span>
     <span class='ocr_line' id='line_1_25' title="bbox 293 2973 1416 3040; baseline 0.001 -1"><span class='ocrx_word' id='word_1_181' title='bbox 293 2973 501 3039; x_wconf 87' lang='lat' dir='ltr'>recordatione</span> <span class='ocrx_word' id='word_1_182' title='bbox 523 2974 681 3039; x_wconf 86' lang='lat' dir='ltr'>sulcantes</span> <span class='ocrx_word' id='word_1_183' title='bbox 708 2973 759 3038; x_wconf 92' lang='lat' dir='ltr'>nel</span> <span class='ocrx_word' id='word_1_184' title='bbox 787 2974 949 3037; x_wconf 81' lang='lat' dir='ltr'>noxiarum</span> <span class='ocrx_word' id='word_1_185' title='bbox 971 2993 1008 3038; x_wconf 88' lang='lat' dir='ltr'>er</span> <span class='ocrx_word' id='word_1_186' title='bbox 1029 2974 1118 3039; x_wconf 91' lang='lat' dir='ltr'>nobis</span> <span class='ocrx_word' id='word_1_187' title='bbox 1140 2976 1276 3040; x_wconf 79' lang='lat' dir='ltr'>ferorum</span> <span class='ocrx_word' id='word_1_188' title='bbox 1298 2973 1416 3040; x_wconf 86' lang='lat' dir='ltr'>cubilis</span> 
     </span>
     <span class='ocr_line' id='line_1_26' title="bbox 292 3076 1449 3160; baseline 0.007 -19"><span class='ocrx_word' id='word_1_189' title='bbox 292 3076 343 3141; x_wconf 89' lang='lat' dir='ltr'>uel</span> <span class='ocrx_word' id='word_1_190' title='bbox 372 3077 597 3143; x_wconf 88' lang='lat' dir='ltr'>niruleutcrum</span> <span class='ocrx_word' id='word_1_191' title='bbox 625 3077 816 3159; x_wconf 89' lang='lat' dir='ltr'>serpentium</span> <span class='ocrx_word' id='word_1_192' title='bbox 844 3076 1049 3144; x_wconf 80' lang='lat' dir='ltr'>exterminare</span> <span class='ocrx_word' id='word_1_193' title='bbox 1077 3078 1209 3145; x_wconf 87' lang='lat' dir='ltr'>latibula</span> <span class='ocrx_word' id='word_1_194' title='bbox 1236 3080 1449 3160; x_wconf 72' lang='lat' dir='ltr'>poterimusne</span> 
     </span>
    </p>
   </div>
   <div class='ocr_carea' id='block_1_3' title="bbox 392 3296 574 3363">
    <p class='ocr_par' dir='ltr' id='par_1_3' title="bbox 392 3296 574 3363">
     <span class='ocr_line' id='line_1_27' title="bbox 392 3296 574 3363; baseline 0.011 -14"><span class='ocrx_word' id='word_1_195' title='bbox 392 3297 409 3349; x_wconf 88' lang='lat'>8</span> <span class='ocrx_word' id='word_1_196' title='bbox 426 3296 477 3350; x_wconf 83' lang='lat' dir='ltr'>Mt.</span> <span class='ocrx_word' id='word_1_197' title='bbox 496 3298 521 3363; x_wconf 91' lang='grc'>6,</span> <span class='ocrx_word' id='word_1_198' title='bbox 542 3296 574 3351; x_wconf 84' lang='grc'>19</span> 
     </span>
    </p>
   </div>
   <div class='ocr_carea' id='block_1_4' title="bbox 343 3468 1346 3573">
    <p class='ocr_par' dir='ltr' id='par_1_4' title="bbox 343 3468 1346 3573">
     <span class='ocr_line' id='line_1_28' title="bbox 343 3468 1346 3573; baseline 0.006 -19"><span class='ocrx_word' id='word_1_199' title='bbox 343 3498 550 3567; x_wconf 62' lang='lat' dir='ltr'>lucioeisscmo</span> <span class='ocrx_word' id='word_1_200' title='bbox 572 3501 602 3555; x_wconf 90' lang='lat' dir='ltr'><em>D</em></span> <span class='ocrx_word' id='word_1_201' title='bbox 704 3502 820 3556; x_wconf 85' lang='lat' dir='ltr'>heretico</span> <span class='ocrx_word' id='word_1_202' title='bbox 837 3502 941 3558; x_wconf 87' lang='lat' dir='ltr'>DWX</span> <span class='ocrx_word' id='word_1_203' title='bbox 1041 3468 1156 3573; x_wconf 59' lang='lat' dir='ltr'>3urrf¹gc</span> <span class='ocrx_word' id='word_1_204' title='bbox 1174 3507 1200 3570; x_wconf 91' lang='lat' dir='ltr'>(e</span> <span class='ocrx_word' id='word_1_205' title='bbox 1217 3508 1299 3573; x_wconf 82' lang='lat' dir='ltr'>erce.)</span> <span class='ocrx_word' id='word_1_206' title='bbox 1316 3506 1346 3560; x_wconf 88' lang='lat' dir='ltr'><em>D</em></span> 
     </span>
    </p>
   </div>
   <div class='ocr_carea' id='block_1_5' title="bbox 290 3594 1414 3861">
    <p class='ocr_par' dir='ltr' id='par_1_5' title="bbox 290 3594 1414 3861">
     <span class='ocr_line' id='line_1_29' title="bbox 291 3594 1414 3679; baseline 0.004 -20"><span class='ocrx_word' id='word_1_207' title='bbox 291 3594 486 3659; x_wconf 79' lang='lat' dir='ltr'>bndmirmate</span> <span class='ocrx_word' id='word_1_208' title='bbox 503 3606 536 3659; x_wconf 87' lang='lat' dir='ltr'><em>W</em></span> <span class='ocrx_word' id='word_1_209' title='bbox 623 3606 640 3659; x_wconf 87' lang='grc'>6</span> <span class='ocrx_word' id='word_1_210' title='bbox 657 3604 808 3659; x_wconf 83' lang='lat' dir='ltr'>incedentes</span> <span class='ocrx_word' id='word_1_211' title='bbox 823 3606 872 3661; x_wconf 67' lang='grc' dir='ltr'>117ι</span> <span class='ocrx_word' id='word_1_212' title='bbox 957 3606 1040 3661; x_wconf 74' lang='lat' dir='ltr'>duob</span> <span class='ocrx_word' id='word_1_213' title='bbox 1051 3623 1120 3662; x_wconf 80' lang='lat' dir='ltr'>erue.</span> <span class='ocrx_word' id='word_1_214' title='bbox 1130 3610 1163 3662; x_wconf 79' lang='lat' dir='ltr'>io</span> <span class='ocrx_word' id='word_1_215' title='bbox 1173 3608 1203 3662; x_wconf 92' lang='lat' dir='ltr'><em>D</em></span> <span class='ocrx_word' id='word_1_216' title='bbox 1291 3610 1414 3679; x_wconf 74' lang='lat' dir='ltr'>laquie</span> 
     </span>
     <span class='ocr_line' id='line_1_30' title="bbox 291 3696 1414 3769; baseline 0.007 -18"><span class='ocrx_word' id='word_1_217' title='bbox 291 3696 356 3767; x_wconf 87' lang='lat' dir='ltr'>quid</span> <span class='ocrx_word' id='word_1_218' title='bbox 378 3697 480 3754; x_wconf 83' lang='lat' dir='ltr'>DWX</span> <span class='ocrx_word' id='word_1_219' title='bbox 580 3698 822 3767; x_wconf 83' lang='lat' dir='ltr'>contemplantione</span> <span class='ocrx_word' id='word_1_220' title='bbox 838 3698 878 3753; x_wconf 90' lang='lat' dir='ltr'>D¹</span> <span class='ocrx_word' id='word_1_221' title='bbox 908 3700 1156 3769; x_wconf 80' lang='lat' dir='ltr'>contemplationem</span> <span class='ocrx_word' id='word_1_222' title='bbox 1178 3701 1227 3755; x_wconf 86' lang='lat' dir='ltr'>W¹</span> <span class='ocrx_word' id='word_1_223' title='bbox 1331 3704 1362 3759; x_wconf 91' lang='lat'>11</span> <span class='ocrx_word' id='word_1_224' title='bbox 1384 3705 1414 3758; x_wconf 93' lang='lat' dir='ltr'>in</span> 
     </span>
     <span class='ocr_line' id='line_1_31' title="bbox 290 3790 1414 3861; baseline 0.007 -17"><span class='ocrx_word' id='word_1_225' title='bbox 290 3790 371 3861; x_wconf 86' lang='lat' dir='ltr'>terra]</span> <span class='ocrx_word' id='word_1_226' title='bbox 392 3792 463 3845; x_wconf 87' lang='lat' dir='ltr'>intra</span> <span class='ocrx_word' id='word_1_227' title='bbox 485 3792 515 3845; x_wconf 90' lang='lat' dir='ltr'><strong><em>D</em></strong></span> <span class='ocrx_word' id='word_1_228' title='bbox 618 3792 650 3845; x_wconf 81' lang='lat'>12</span> <span class='ocrx_word' id='word_1_229' title='bbox 677 3793 811 3847; x_wconf 80' lang='lat' dir='ltr'>sententio</span> <span class='ocrx_word' id='word_1_230' title='bbox 837 3792 866 3847; x_wconf 88' lang='lat' dir='ltr'><em>D</em></span> <span class='ocrx_word' id='word_1_231' title='bbox 967 3794 1030 3849; x_wconf 92' lang='lat' dir='ltr'>illut</span> <span class='ocrx_word' id='word_1_232' title='bbox 1055 3794 1083 3849; x_wconf 89' lang='lat' dir='ltr'><em>D</em></span> <span class='ocrx_word' id='word_1_233' title='bbox 1186 3795 1220 3849; x_wconf 79' lang='lat'>13</span> <span class='ocrx_word' id='word_1_234' title='bbox 1245 3796 1414 3853; x_wconf 79' lang='lat' dir='ltr'>reconditum</span> 
     </span>
    </p>
   </div>
   <div class='ocr_carea' id='block_1_6' title="bbox 288 3894 1347 4088">
    <p class='ocr_par' dir='ltr' id='par_1_6' title="bbox 288 3894 1347 4088">
     <span class='ocr_line' id='line_1_32' title="bbox 288 3894 1347 3979; baseline 0.007 -31"><span class='ocrx_word' id='word_1_235' title='bbox 288 3894 328 3948; x_wconf 90' lang='lat' dir='ltr'>D¹</span> <span class='ocrx_word' id='word_1_236' title='bbox 431 3894 459 3947; x_wconf 94' lang='lat' dir='ltr'>in</span> <span class='ocrx_word' id='word_1_237' title='bbox 486 3898 637 3964; x_wconf 87' lang='lat' dir='ltr'>terramque</span> <span class='ocrx_word' id='word_1_238' title='bbox 664 3897 714 3951; x_wconf 85' lang='lat' dir='ltr'>W:</span> <span class='ocrx_word' id='word_1_239' title='bbox 734 3899 867 3979; x_wconf 68' lang='lat' dir='ltr'>⁸terraque</span> <span class='ocrx_word' id='word_1_240' title='bbox 892 3896 922 3952; x_wconf 88' lang='lat' dir='ltr'><em>D</em></span> <span class='ocrx_word' id='word_1_241' title='bbox 1023 3903 1104 3969; x_wconf 83' lang='lat' dir='ltr'>atque</span> <span class='ocrx_word' id='word_1_242' title='bbox 1131 3900 1160 3952; x_wconf 94' lang='lat' dir='ltr'>in</span> <span class='ocrx_word' id='word_1_243' title='bbox 1185 3902 1287 3954; x_wconf 85' lang='lat' dir='ltr'>terrem</span> <span class='ocrx_word' id='word_1_244' title='bbox 1314 3900 1347 3955; x_wconf 82' lang='lat' dir='ltr'><em>X</em></span> 
     </span>
     <span class='ocr_line' id='line_1_33' title="bbox 291 3986 1346 4088; baseline 0.009 -21"><span class='ocrx_word' id='word_1_245' title='bbox 291 4014 323 4067; x_wconf 84' lang='lat'>14</span> <span class='ocrx_word' id='word_1_246' title='bbox 341 3986 454 4083; x_wconf 66' lang='lat' dir='ltr'>demoni.</span> <span class='ocrx_word' id='word_1_247' title='bbox 475 4014 545 4081; x_wconf 78' lang='lat' dir='ltr'>(aea</span> <span class='ocrx_word' id='word_1_248' title='bbox 562 4016 616 4071; x_wconf 84' lang='lat' dir='ltr'>litt.</span> <span class='ocrx_word' id='word_1_249' title='bbox 634 4017 757 4084; x_wconf 69' lang='lat' dir='ltr'>eomedit)</span> <span class='ocrx_word' id='word_1_250' title='bbox 782 4017 811 4072; x_wconf 89' lang='lat' dir='ltr'><em>D</em></span> <span class='ocrx_word' id='word_1_251' title='bbox 912 4020 1094 4088; x_wconf 88' lang='lat' dir='ltr'>populandum</span> <span class='ocrx_word' id='word_1_252' title='bbox 1117 4022 1168 4077; x_wconf 83' lang='lat' dir='ltr'>Dr</span> <span class='ocrx_word' id='word_1_253' title='bbox 1189 4022 1255 4087; x_wconf 76' lang='lat' dir='ltr'>fort.</span> <span class='ocrx_word' id='word_1_254' title='bbox 1272 4028 1346 4077; x_wconf 76' lang='lat' dir='ltr'>reete</span> 
     </span>
    </p>
   </div>
   <div class='ocr_carea' id='block_1_7' title="bbox 288 4101 1413 4383">
    <p class='ocr_par' dir='ltr' id='par_1_7' title="bbox 288 4101 1413 4383">
     <span class='ocr_line' id='line_1_34' title="bbox 288 4101 1413 4204; baseline 0.01 -17"><span class='ocrx_word' id='word_1_255' title='bbox 288 4133 366 4187; x_wconf 62' lang='lat' dir='ltr'>seluce</span> <span class='ocrx_word' id='word_1_256' title='bbox 382 4133 424 4188; x_wconf 79' lang='grc' dir='ltr'>1)ι</span> <span class='ocrx_word' id='word_1_257' title='bbox 525 4101 632 4204; x_wconf 53' lang='lat' dir='ltr'>‚raihna</span> <span class='ocrx_word' id='word_1_258' title='bbox 651 4142 675 4199; x_wconf 84' lang='lat' dir='ltr'>(e</span> <span class='ocrx_word' id='word_1_259' title='bbox 694 4139 773 4204; x_wconf 82' lang='lat' dir='ltr'>erae.)</span> <span class='ocrx_word' id='word_1_260' title='bbox 790 4138 820 4192; x_wconf 93' lang='lat' dir='ltr'><em>D</em></span> <span class='ocrx_word' id='word_1_261' title='bbox 923 4140 956 4194; x_wconf 88' lang='grc'>16</span> <span class='ocrx_word' id='word_1_262' title='bbox 979 4141 1151 4195; x_wconf 77' lang='lat' dir='ltr'>recondentes</span> <span class='ocrx_word' id='word_1_263' title='bbox 1173 4140 1215 4197; x_wconf 81' lang='grc' dir='ltr'>Ι)ι</span> <span class='ocrx_word' id='word_1_264' title='bbox 1244 4142 1413 4198; x_wconf 83' lang='lat' dir='ltr'>recondentes</span> 
     </span>
     <span class='ocr_line' id='line_1_35' title="bbox 291 4227 1413 4304; baseline 0.008 -20"><span class='ocrx_word' id='word_1_265' title='bbox 291 4227 339 4284; x_wconf 80' lang='lat' dir='ltr'>W¹</span> <span class='ocrx_word' id='word_1_266' title='bbox 425 4229 551 4298; x_wconf 87' lang='lat' dir='ltr'>respiciat</span> <span class='ocrx_word' id='word_1_267' title='bbox 568 4230 647 4284; x_wconf 83' lang='lat' dir='ltr'>DW=</span> <span class='ocrx_word' id='word_1_268' title='bbox 673 4231 798 4301; x_wconf 81' lang='lat' dir='ltr'>proficiet</span> <span class='ocrx_word' id='word_1_269' title='bbox 815 4233 865 4288; x_wconf 88' lang='lat' dir='ltr'>Xo</span> <span class='ocrx_word' id='word_1_270' title='bbox 950 4234 983 4287; x_wconf 81' lang='lat'>21</span> <span class='ocrx_word' id='word_1_271' title='bbox 1002 4236 1085 4304; x_wconf 75' lang='lat' dir='ltr'>adyto</span> <span class='ocrx_word' id='word_1_272' title='bbox 1099 4236 1148 4291; x_wconf 86' lang='lat' dir='ltr'>W:</span> <span class='ocrx_word' id='word_1_273' title='bbox 1176 4236 1252 4290; x_wconf 78' lang='lat' dir='ltr'>odite</span> <span class='ocrx_word' id='word_1_274' title='bbox 1263 4237 1293 4291; x_wconf 93' lang='lat' dir='ltr'><em>D</em></span> <span class='ocrx_word' id='word_1_275' title='bbox 1319 4236 1413 4293; x_wconf 73' lang='lat' dir='ltr'>abdite</span> 
     </span>
     <span class='ocr_line' id='line_1_36' title="bbox 288 4322 970 4383; baseline 0.01 -7"><span class='ocrx_word' id='word_1_276' title='bbox 288 4322 340 4379; x_wconf 82' lang='lat' dir='ltr'>Xe</span> <span class='ocrx_word' id='word_1_277' title='bbox 442 4322 476 4379; x_wconf 82' lang='lat'>25</span> <span class='ocrx_word' id='word_1_278' title='bbox 495 4324 683 4380; x_wconf 86' lang='lat' dir='ltr'>uirolentornm</span> <span class='ocrx_word' id='word_1_279' title='bbox 701 4325 740 4379; x_wconf 87' lang='lat' dir='ltr'>D¹</span> <span class='ocrx_word' id='word_1_280' title='bbox 770 4328 897 4383; x_wconf 88' lang='lat' dir='ltr'>uerolent.</span> <span class='ocrx_word' id='word_1_281' title='bbox 923 4328 970 4383; x_wconf 85' lang='lat' dir='ltr'>W¹</span> 
     </span>
    </p>
   </div>
   <div class='ocr_carea' id='block_1_8' title="bbox 0 0 1550 4967">
    <p class='ocr_par' dir='ltr' id='par_1_8' title="bbox 0 0 1550 4967">
     <span class='ocr_line' id='line_1_37' title="bbox 0 0 1550 4967; baseline 0 3"><span class='ocrx_word' id='word_1_282' title='bbox 0 0 1550 4967; x_wconf 95' lang='lat' dir='ltr'> </span> 
     </span>
    </p>
   </div>
  </div>
 </body>
</html>
