3092 4967
511 461 668 517 Conlatio
691 461 811 526 XXIIII,
828 463 905 518 3—5.
1207 466 1270 543 679

149 647 308 717 diualibus
331 648 444 716 cotidie
466 648 608 732 operibns
631 650 815 716 desudantes
838 650 905 716 tote
932 649 981 716 die
998 651 1056 716 sub
1073 651 1271 745 aeriainani·

147 751 216 816 tate
252 769 313 818 non
346 751 446 818 solum
482 771 580 833 carne,
615 771 724 817 uerum
759 741 855 818 etiam
888 755 992 820 monte
1019 755 1210 838 peruolitant
1240 758 1271 819 et

148 853 352 937 cogitationes
382 874 452 922 suas
480 873 551 920 eum
582 853 758 921 mobilitate
788 874 935 938 corporea
963 860 1081 939 passim
1108 859 1140 922 in
1165 858 1272 940 apertu

146 955 335 1025 diffundunt,
378 961 409 1024 et
441 957 554 1024 idcirco
591 976 648 1022 nac
684 955 883 1024 multiuolam
921 959 1017 1025 animi
1050 961 1099 1026 eui
1132 959 1272 1024 sentiunt

125 1059 322 1132 suauitatem
352 1080 407 1126 noc
439 1059 504 1125 eius
536 1059 669 1126 lubricos
701 1062 834 1144 possunt
863 1061 1023 1154 cohercere
1050 1061 1215 1141 discursus,
1239 1064 1271 1128 et

147 1163 369 1230 contritionem
402 1163 530 1246 spiritus
564 1182 621 1228 non
656 1165 791 1230 ferentes
823 1166 1053 1233 intolerabilem
1083 1168 1144 1232 sibi
1171 1166 1270 1249 ipsam

147 1265 267 1332 silentii
298 1267 348 1330 sui
377 1268 546 1332 aestimant
576 1267 754 1352 iugitatem,
783 1288 819 1334 ao
836 1269 998 1334 laboriosis
1022 1270 1103 1335 ruris
1126 1269 1282 1362 operibus,

147 1369 298 1434 indefessi
322 1369 490 1436 uincuntur
511 1371 574 1435 otio
598 1374 629 1434 et
652 1372 766 1454 quietis
791 1391 864 1438 suaa
880 1369 1087 1439 diuturnitate
1102 1372 1268 1438 lassantur.

135 1569 138 1576 ¹
195 1491 229 1556 V.
252 1491 317 1558 Neo
332 1492 449 1558 mirum
471 1491 548 1558 siin
566 1492 648 1558 cella
661 1493 730 1576 quis
746 1494 896 1573 residens,
923 1495 1012 1578 quasi
1027 1496 1059 1560 in
1075 1493 1271 1563 artissimum

111 1619 137 1660 ro
147 1595 319 1669 claustrum
342 1593 582 1682 cogitationibus
613 1596 818 1682 congregatis,
849 1596 1043 1664 anxietatum
1066 1595 1271 1663 multitudine

147 1697 325 1776 suffocatur,
348 1715 425 1782 quaa
449 1698 487 1762 de
509 1696 684 1762 carceribus
706 1697 879 1764 habitaculi
903 1717 975 1764 cunr
991 1699 1114 1765 homine
1127 1716 1271 1785 prorum·

147 1805 257 1886 pantes
288 1801 436 1866 continuo
467 1803 555 1868 uelut
584 1801 656 1884 equi
686 1801 817 1868 effrenes
843 1821 898 1885 per
920 1804 1046 1868 diuersa
1067 1803 1269 1886 peruolitaut.

147 1903 201 1970 sod
224 1921 295 1970 oum
319 1906 357 1970 ad
379 1922 526 1986 praesens
548 1905 585 1970 de
607 1905 674 1970 suis
698 1905 786 1970 uelut
801 1905 934 1972 stabulis
950 1911 1133 1990 euagentur,
1148 1907 1270 1990 capitur

147 2007 259 2072 statim
281 2006 481 2090 aliquod0uel
504 2008 597 2073 brcuo
620 2026 656 2072 ac
671 2008 762 2074 triste
779 2007 947 2075 solacium:
971 2027 1042 2076 cum
1056 2027 1129 2075 uero
1145 2026 1270 2092 corpora

109 2133 136 2174 15
146 2108 187 2178 ad
217 2110 327 2174 cellam
357 2111 514 2192 propriam
542 2111 702 2176 remeante
731 2130 856 2178 rursum
882 2111 971 2194 quasi
992 2113 1030 2177 ad
1054 2115 1158 2180 sedam
1180 2130 1284 2202 suane

147 2213 259 2284 cuncta
292 2212 518 2298 cogitationum
551 2217 679 2281 caterua
714 2216 929 2293 recucurrerit,
967 2215 1125 2298 grauiores
1155 2216 1271 2289 excitat

144 2316 291 2381 stimulos
322 2316 391 2398 ipsa
419 2316 611 2382 inueteratae
642 2316 788 2382 licentiae
819 2321 1017 2385 consuetudo.
1055 2318 1087 2384 hi
1118 2335 1190 2404 ergo
1217 2316 1300 2400 quid

144 2419 277 2484 necdum
301 2423 430 2504 possunt
453 2420 503 2486 uel
526 2423 639 2486 norunt
656 2421 853 2488 uoluntatum
870 2441 996 2490 suarum
1015 2421 1270 2506 instigationibus

146 2522 303 2604 reluctari,
327 2542 398 2588 cum
421 2524 527 2590 acedia
543 2528 652 2606 pectus
667 2525 830 2594 insolitum
846 2525 1063 2591 uehementius
1079 2528 1271 2610 inpugnauto

109 2625 234 2696 „intra
255 2627 364 2694 cellam
380 2626 498 2692 fuerint
512 2628 639 2706 anxiati,
667 2629 692 2692 sl
714 2629 932 2713 progrediendi
952 2629 1075 2711 saepius
1090 2628 1269 2708 libertatem

145 2727 207 2795 sibi
230 2728 361 2794 remissa
383 2727 589 2796 districtionis
612 2730 681 2816 legs
704 2732 919 2812 mucesserint,
937 2731 1089 2796 acriorem
1103 2731 1270 2798 aduersum

146 2848 180 2894 se
201 2830 322 2912 pestem
345 2829 403 2896 hoo
418 2831 463 2896 ut
484 2832 600 2912 putant
621 2833 756 2898 remedio
780 2833 994 2900 suscitabunt:
1018 2834 1100 2898 siout
1113 2833 1271 2919 gelidissi-

145 2951 217 2998 mae
240 2950 337 3014 aquae
359 2933 471 3017 haustu
489 2936 555 3002 uim
570 2936 763 3001 internarum
788 2936 924 3003 febrium
938 2936 1065 3020 quidam
1081 2937 1271 3022 restinguere

145 3052 235 3118 posse
267 3053 301 3102 sa
333 3037 473 3116 crodunt,
501 3056 570 3104 oum
602 3039 712 3122 utique
741 3058 777 3104 er
807 3040 866 3105 boc
895 3040 1022 3107 accendi
1051 3040 1156 3123 ignom
1180 3039 1270 3106 illum

107 3142 269 3212 aeonae
302 3140 405 3224 potina
436 3159 529 3224 quam
561 3141 675 3228 sedari,
706 3143 862 3227 siquidem
899 3144 1147 3211 momentaneam
1180 3143 1270 3227 illam

122 3241 367 3352 'redemtionem
388 3245 490 3312 multo
513 3247 637 3332 grauior
660 3249 868 3332 consequatur
890 3247 1036 3314 addictio.

200 3532 396 3602 lquctidiaO
424 3533 537 3587 cottidie
554 3533 587 3590 K
679 3535 737 3604 eric
753 3535 793 3588 Β·
889 3536 1010 3604 aeine]
1029 3551 1136 3604 corpore
1153 3535 1204 3590 Ko

143 3619 302 3672 booercoro
324 3619 377 3673 Kc
480 3619 516 3688 at]
542 3637 589 3674 nec
611 3621 661 3675 Kc
765 3623 857 3675 bnon
875 3638 963 3676 om.c
1065 3620 1271 3675 intollerabilem

142 3705 174 3759 B
260 3703 484 3758 8uiucanturK¹
573 3707 672 3776 liquis]
686 3721 752 3774 quas
763 3706 806 3761 K¹
892 3708 921 3760 in
934 3707 1001 3762 BF:
1026 3708 1100 3761 intra
1116 3706 1201 3762 0²Ke
1219 3723 1269 3761 om.

148 3790 184 3846 0¹
290 3793 320 3848 ll
340 3791 373 3849 da
391 3792 487 3850 ΜΟ
592 3795 624 3848 12
643 3793 699 3866 per]
719 3793 746 3846 in
765 3793 818 3848 Kc
922 3794 954 3848 13
976 3794 1063 3848 ueluti
1083 3793 1111 3848 B
1129 3793 1271 3860 (einaim

145 3877 222 3936 uelut
239 3877 376 3945 ietabulis)
480 3878 586 3936 stabilio
610 3879 641 3936 F
740 3877 939 3948 auaganturO
1040 3879 1157 3949 capituri
1176 3878 1270 3934 atatim

143 3964 177 4031 (ἰ.
194 3979 216 4019 c.
234 3963 341 4034 capitur
359 3963 476 4032 iatatim)
496 3963 554 4020 BF
655 3965 685 4022 15
704 3971 805 4023 remeat
822 3965 894 4019 B¹F
919 3969 1038 4020 remeant
1058 3966 1081 4023 0
1109 3965 1227 4020 remeent
1244 3968 1271 4018 et

143 4049 182 4106 B‘
301 4066 393 4106 rursus
423 4049 498 4106 OKo
620 4051 652 4108 16
679 4051 824 4110 recurrerit
850 4049 977 4106 F'OK‘o
1006 4066 1137 4126 recprroro
1163 4049 1203 4106 K*

144 4135 177 4204 U
203 4135 353 4196 euenere
374 4133 416 4192 Κ*
518 4135 560 4192 bii
582 4135 703 4196 BFOK¹
809 4137 841 4192 19
859 4135 1008 4194 accediaO
1108 4135 1143 4191 20
1162 4151 1270 4205 progra-

143 4219 278 4279 dendo
374 4219 405 4276 21
425 4221 607 4278 destrictienis
624 4223 705 4280 ΒΕΘ
799 4223 833 4278 23
852 4226 932 4278 austu
950 4221 1043 4278 B¹F0
1139 4221 1173 4276 24
1190 4237 1270 4290 quum

145 4307 169 4364 0
271 4306 379 4378 coepe
404 4322 435 4361 ax
457 4307 506 4364 hoc
532 4307 606 4366 080
708 4309 742 4364 26
766 4307 957 4363 reuelationcm
981 4305 1079 4364 BFK¹
1182 4322 1271 4362 conac-

142 4393 243 4462 quetnr
259 4391 321 4460 ,B’c
1058 4393 1063 4402 '
