3092 4967
266 418 311 483 24
655 414 826 471 Iohannis
850 410 1010 469 Cassiani

268 606 344 670 dnm
373 606 501 671 beatum
530 603 707 688 apostolum
737 622 775 670 ac
804 601 978 669 similitudo
1002 603 1154 684 consistit,
1177 602 1317 688 deposita
1337 605 1399 672 hac

268 725 331 790 qua
352 708 530 774 retunditur
551 710 585 773 in
606 708 763 790 praesenti
785 708 908 774 sarcina
923 708 1077 789 corporali
1090 706 1303 775 insensibilem
1317 708 1396 788 deri,

268 828 346 894 quac
367 829 492 877 omnem
509 812 639 884 rationis
661 811 727 875 uim
749 811 784 875 in
806 830 839 875 se
861 812 1025 877 continens
1047 812 1144 877 etiam
1166 814 1289 877 mutem
1302 816 1397 894 atque

268 913 486 981 insensibilem
518 913 682 979 materiam
716 913 821 979 omnis
855 916 1094 997 participatione
1128 914 1177 980 sui
1213 914 1291 980 lacit
1326 932 1396 981 esse

267 1016 460 1102 sensibilem,
490 1036 562 1083 curn
592 1018 699 1099 utique
728 1034 920 1100 consequens
943 1017 987 1083 sit
1008 1019 1041 1082 et
1062 1018 1122 1082 hoe
1144 1017 1274 1083 rationis
1294 1017 1394 1101 ipsius
1423 1045 1440 1085 s

267 1122 341 1187 ordo
364 1120 531 1201 contineat,
555 1125 591 1186 ut
613 1121 705 1185 erute
727 1138 816 1185 mens
837 1122 897 1187 ista
920 1120 1115 1205 carnalique
1134 1122 1394 1187 nunchebetatur

268 1224 456 1307 pinguedine
485 1225 714 1291 intellectuales
746 1225 884 1289 uirtutos'
908 1242 981 1289 suas
1010 1224 1045 1289 in
1074 1223 1188 1291 melius
1215 1226 1338 1307 reparet
1361 1227 1395 1287 et

238 1328 406 1411 Spurioree
429 1348 480 1395 eas
503 1346 541 1393 ac
570 1327 750 1394 subtiliores
780 1325 913 1409 recipiat
942 1327 1046 1409 potius
1068 1346 1163 1410 qnam
1184 1327 1322 1393 amittat.
1362 1328 1396 1393 in

266 1433 392 1499 tuntum
414 1436 520 1499 autem
542 1432 599 1498 hoc
621 1435 702 1514 quod
725 1430 861 1497 dicimus
883 1430 994 1495 beatus
1016 1431 1176 1514 apostolus
1197 1449 1304 1496 uerum
1329 1447 1396 1495 esse

266 1535 434 1618 cognoscit,
457 1538 493 1600 ot
516 1536 612 1601 etiam
627 1536 715 1616 optet
729 1533 768 1599 ab
785 1534 842 1599 bac
857 1550 948 1599 carne
963 1533 1132 1617 discedere,
1148 1538 1184 1599 ut
1199 1532 1395 1617 soporatione
1406 1561 1437 1601 ιο

267 1635 334 1703 eius
367 1638 485 1703 enixius
518 1637 622 1702 ualeat
652 1638 779 1702 domino
808 1634 957 1718 copulari,
992 1637 1111 1703 dicens:
1150 1634 1396 1701 desiderium

267 1738 391 1803 habeo
424 1738 595 1805 dissolui
629 1744 666 1805 et
695 1759 778 1806 cum
812 1738 977 1805 Christo
1006 1758 1110 1818 esse,
1140 1742 1265 1806 multo
1294 1739 1396 1807 euim

268 1841 425 1921 melius,
449 1844 628 1924 quoniam
652 1844 738 1908 dnm
765 1861 899 1909 sumus
922 1843 962 1907 in
982 1862 1145 1925 corpore
1166 1843 1395 1926 peregrinu-

267 1964 349 2011 mur
371 1965 389 2011 a
412 1946 575 2013 domino.
613 1946 646 2011 et
674 1946 790 2013 idcirco
820 1948 1008 2013 audemus
1038 1951 1075 2011 et
1099 1949 1237 2013 bonam
1258 1945 1396 2011 uolun-

267 2049 391 2113 tatem
426 2048 613 2115 habemus
650 2050 778 2133 magis
821 2050 1076 2134 peregrinari
1110 2067 1130 2113 a
1162 2067 1325 2132 corpore
1358 2048 1436 2117 etis

267 2157 502 2233 praesentes
533 2172 617 2219 esse
647 2151 693 2219 ed
719 2154 927 2219 dominum.
967 2151 1252 2237 propterquod
1275 2152 1397 2217 etiarn

268 2254 546 2321 contendimus
568 2256 653 2321 siue
676 2256 862 2322 absentes
884 2255 969 2322 siue
992 2258 1224 2338 praesentes
1239 2254 1398 2338 placere

267 2356 350 2437 illi,
381 2360 655 2427 commorationem
684 2359 807 2425 scilicet
837 2359 960 2425 animae
988 2376 1067 2441 quae
1093 2358 1128 2425 iu
1149 2359 1210 2425 bac
1233 2375 1324 2425 cerne
1347 2359 1396 2423 eat

266 2460 546 2544 peregrinationem
579 2482 598 2529 a
631 2462 756 2531 domino
791 2465 885 2547 atque
920 2462 1094 2529 absentiam
1124 2482 1143 2527 e
1174 2461 1297 2528 Christo
1330 2480 1397 2527 esse

267 2563 471 2645 pronuntians
494 2564 623 2649 eiusque
638 2569 676 2633 ab
692 2566 750 2631 hae
765 2584 858 2631 carne
872 2565 1101 2647 separationem
1114 2568 1210 2648 atque
1223 2566 1396 2631 ιιιιιιιιιιιιιι
1405 2594 1434 2636 ro

218 2673 259 2737 10
267 2667 472 2747 praesentiam
501 2686 568 2742 esse
599 2671 638 2735 ad
668 2667 831 2735 Christum
860 2669 929 2735 tota
949 2668 1135 2734 credulitate
1159 2667 1326 2735 confidens.
1364 2672 1398 2732 et

268 2767 442 2835 euidentius
464 2768 580 2837 iterum
602 2791 695 2856 super
716 2772 776 2839 hoc
797 2773 863 2855 ipso
886 2772 1088 2839 uiuacissimo
1110 2772 1288 2837 ammarum
1308 2772 1396 2837 statu

268 2871 350 2937 idem
374 2873 530 2955 apostolus
552 2878 619 2943 sed
640 2876 890 2955 accessistis,
915 2875 1023 2958 inquit,
1046 2877 1092 2942 ad
1115 2873 1208 2939 Sion
1229 2875 1396 2939 montem
1436 2919 1441 2936 .

268 2979 308 3041 et
335 2977 543 3045 ciuitatem
574 2981 633 3046 dei
662 2979 861 3062 uiuentis,
893 2979 1143 3045 Hierusalem
1165 2978 1395 3053 caelestem,

268 3082 305 3143 et
338 3080 382 3145 ad
414 3080 625 3149 multorum
661 3082 812 3148 milium
849 3082 1080 3165 angelorum
1113 3080 1433 3165 frequentiam„

268 3186 306 3245 et
335 3183 546 3251 ecclesiam
574 3185 872 3266 primitiuorum
899 3184 964 3268 qui
992 3184 1212 3266 conscripti
1240 3186 1335 3249 sunt
1356 3183 1398 3249 in

268 3284 407 3364 caelis,
432 3290 468 3351 et
491 3288 661 3371 spiritus
684 3290 879 3355 iustorum
901 3287 1179 3371 perlectorum.
1216 3288 1255 3353 de
1282 3285 1397 3371 quibus

268 3385 430 3466 spiritibus
471 3388 504 3453 in
541 3390 602 3455 alio
644 3391 711 3457 loco
747 3388 890 3457 deinde
927 3391 1076 3471 patres,
1112 3388 1229 3473 inquit,
1266 3390 1397 3456 carnis

268 3488 427 3554 nostrae
476 3491 684 3561 habuimus
732 3492 958 3559 eruditores
1008 3493 1047 3557 et
1098 3492 1396 3561 rouorebamurt

370 3711 650 3779 recluserat.
688 3713 844 3779 catelo
931 3716 960 3770 11
981 3713 1053 3769 Phil.
1073 3715 1149 3782 1,23
1236 3714 1397 3771 181100r.

265 3798 326 3863 5,6
430 3798 498 3851 141.
517 3798 625 3853 ere-9
727 3798 761 3852 23
781 3798 862 3853 chr.
884 3799 925 3864 12,
942 3799 1045 3854 22-23
1148 3800 1218 3855 281.
1237 3802 1295 3855 c.9

318 4001 438 4071 3adque
456 4002 492 4057 W
580 4002 698 4056 lleoiat
719 4002 767 4058 W¹
860 4003 943 4057 cisti
961 4004 1001 4059 D¹
1088 4005 1153 4075 quia
1169 4004 1210 4058 D¹
1303 4003 1397 4073 lpin·

266 4086 376 4155 guidine
397 4088 491 4143 D²W¹
593 4088 789 4143 intellectualis
811 4088 854 4143 1)ι
958 4095 1093 4159 repararet
1115 4089 1164 4143 W¹
1269 4091 1301 4144 11
1319 4104 1396 4158 copo-

266 4174 316 4227 lari
333 4174 374 4228 D¹
472 4175 505 4229 lb
520 4190 537 4229 a
554 4190 605 4229 om·
623 4174 652 4228 D
748 4174 783 4228 18
800 4176 1078 4229 commemorationem
1100 4176 1148 4231 W¹
1244 4175 1277 4229 19
1294 4172 1398 4244 adquae

268 4260 308 4316 W
399 4260 434 4315 20
450 4258 535 4329 adque
550 4260 582 4315 D
680 4261 714 4314 23
731 4260 826 4329 inquid
843 4261 916 4317 DW
1009 4262 1043 4315 27
1060 4264 1195 4317 rectorum
1212 4276 1248 4317 ec
1264 4262 1397 4317 lectorum

264 4344 295 4399 D
398 4344 431 4399 28
449 4346 544 4414 inquid
568 4344 606 4401 W
