3092 4967
299 424 339 489 78
690 424 854 479 lobannis
871 424 1030 481 cassiani

296 617 422 684 eulmen
454 616 615 698 peruenire
648 633 711 682 non
742 616 879 699 possent,
913 616 986 699 quia
1018 613 1141 683 suilioet
1171 614 1307 699 pristina
1339 612 1419 679 uitia
1523 634 1527 708 ;

296 736 479 801 morumque
490 717 746 786 ineonbmntism
757 718 810 783 uel
820 716 967 800 superbia
977 718 1029 785 uel
1039 717 1230 802 inpatientia
1238 718 1419 785 dominante
1525 727 1527 753 ⁴

294 821 329 887 in
357 822 421 888 suis
449 820 593 888 cordibus
621 823 793 889 retinentes
820 838 1016 904 nequequam
1041 839 1075 888 se
1096 820 1137 887 ab
1160 821 1224 887 illis
1246 835 1418 903 expungere
1527 867 1528 874 κ

296 926 441 991 omnent
462 930 494 991 st
516 923 554 991 ob
575 924 609 990 id
631 926 670 990 ad
692 923 857 991 ennom
877 923 928 989 (lei
945 942 1024 1006 quae
1037 942 1210 1008 numquam
1224 923 1309 990 eadit
1322 922 1418 989 mini·
1527 921 1528 924 ’

265 1027 346 1093 9rne
376 1025 584 1111 peruenirent.
623 1025 676 1109 qui
709 1025 819 1109 utiquo
855 1025 1016 1093 inferiores
1053 1027 1156 1093 effoeti
1191 1027 1250 1093 hoo
1285 1024 1449 1093 mundos

294 1130 532 1196 renuntiationis
560 1130 660 1215 gradu
687 1131 788 1197 multo
820 1130 926 1197 minus
954 1130 1046 1197 illum
1073 1130 1204 1197 tertium
1231 1128 1285 1213 qni
1312 1129 1418 1211 prooul
1529 1127 1530 1130 ’

294 1232 388 1301 dubio
418 1236 464 1298 est
493 1232 656 1299 sublimior
684 1232 929 1315 adprehendunt
966 1232 1152 1318 diligentius
1183 1236 1288 1299 tarneu
1320 1231 1417 1299 stiam

294 1336 354 1403 hoo
374 1336 478 1402 rnsute
497 1334 689 1420 perpendite,
717 1336 798 1419 qnod
820 1353 881 1402 non
903 1326 1089 1418 simpliui'ter
1110 1335 1224 1403 dixerit
1247 1327 1287 1400 ‘si
1308 1334 1417 1400 distri·
1528 1313 1532 1336 ¹

294 1438 391 1505 buero
419 1437 586 1505 iaeultates
614 1429 718 1503 meae'.
755 1436 916 1504 uideruur
942 1437 1027 1503 enirn
1050 1437 1089 1504 de
1111 1438 1166 1504 illo
1189 1438 1270 1504 iorte
1292 1437 1417 1514 diflusa,

295 1541 350 1625 qui
371 1542 503 1607 neudum
525 1540 742 1626 euangeliuum
764 1539 897 1625 implens
919 1541 1103 1607 mandatum
1116 1540 1218 1615 asllruo
1231 1539 1293 1605 eibi
1309 1558 1346 1605 ex
1359 1538 1448 1615 eis‚1u

295 1643 378 1709 siout
409 1642 551 1711 nonnulli
579 1642 752 1727 tepidorum
778 1642 909 1722 faciunt
930 1642 1050 1727 aliquid
1072 1644 1271 1709 reseruasset.
1308 1640 1364 1707 sed
1385 1643 1417 1706 si

296 1744 560 1825 distribuero,
583 1744 697 1827 inquit,
720 1761 848 1811 omues
873 1745 1095 1813 facultates
1119 1763 1223 1811 meas
1245 1746 1284 1811 iu
1307 1742 1417 1809 eibos

294 1866 524 1932 pauperum,
554 1848 586 1913 id
614 1852 662 1913 est
691 1848 812 1915 etiamsi
839 1849 974 1931 periente
1006 1849 1265 1916 abrenuntiauero
1293 1846 1416 1913 diuitiis

246 1958 289 2024 10
296 1952 365 2019 istis
387 1950 530 2017 terrenis.
567 1950 640 2017 huie
661 1968 782 2035 quoque
803 1952 1029 2019 renuntiationi
1043 1951 1130 2017 aliud
1145 1950 1246 2017 maius
1259 1948 1415 2017 adiunxit:

296 2054 336 2119 et
366 2052 571 2119 tradidero
604 2072 743 2137 eorpus
777 2073 902 2121 meum
928 2055 972 2120 ut
1000 2054 1169 2135 ardeam,
1204 2056 1446 2121 ueritatemn

294 2174 384 2222 uero
407 2174 479 2222 non
500 2155 688 2234 habuero,
711 2157 816 2223 nihil
836 2175 934 2236 sum,
957 2156 1041 2222 ausi
1063 2157 1134 2224 aliis
1149 2156 1256 2222 uerbis
1271 2155 1414 2223 dixisset:

295 2260 323 2325 si
351 2257 537 2325 distribuero
565 2261 598 2325 in
627 2258 711 2325 eibos
738 2278 910 2344 pauperum
937 2277 1044 2325 omnes
1070 2259 1237 2326 innotos
1258 2276 1345 2325 meas
1367 2276 1416 2323 se-

295 2365 432 2429 eundum
465 2362 680 2445 euangelioum
713 2362 793 2429 illud
825 2362 1008 2429 mandatum
1040 2379 1100 2443 quo
1127 2360 1259 2427 dieitur:
1289 2360 1323 2426 si
1351 2360 1415 2425 uis

294 2467 498 2549 perlaetus
527 2484 626 2550 esse,
656 2466 770 2544 uado,
800 2465 924 2531 nenda
951 2466 1077 2531 omnia
1105 2482 1201 2548 quae
1229 2464 1351 2531 habes
1378 2467 1415 2528 et

294 2571 340 2635 da
368 2568 623 2652 pauperibus,
652 2569 690 2633 et
718 2567 882 2634 hebebis
909 2568 1139 2633 thesaurum
1164 2568 1350 2644 incaelo,
1373 2564 1447 2631 ituro

295 2672 418 2739 soilioet
444 2669 675 2748 abrenuntians,
703 2674 740 2736 ut
768 2688 805 2737 ex
832 2669 883 2735 his
903 2669 984 2735 nihil
1005 2669 1130 2752 penitus
1151 2668 1229 2736 milri
1250 2686 1413 2747 reseruem,

294 2776 327 2839 et
348 2773 422 2841 huie
442 2773 612 2859 erogationi
638 2772 825 2857 martyrium
847 2775 1004 2839 exustione
1019 2791 1108 2838 meae
1121 2774 1222 2839 earnis
1237 2771 1414 2853 adiunxero,

294 2878 342 2942 ita
369 2878 405 2942 ut
431 2894 540 2960 eorpus
568 2894 673 2943 meum
701 2878 825 2941 tradam
851 2892 907 2960 pro
935 2873 1069 2955 Christo,
1098 2877 1131 2942 et
1158 2879 1265 2941 tamen
1290 2875 1344 2941 uel
1365 2874 1414 2939 iu·

295 2979 417 3064 patiens
445 2978 496 3045 nel
524 2979 692 3045 iracundus
714 2979 766 3044 uel
787 2978 911 3044 inuium
933 2978 984 3044 uel
1006 2979 1155 3063 superbus
1182 2978 1244 3044 sim
1266 2978 1317 3043 uel
1338 2975 1414 3042 ulio·

295 3101 365 3148 rurn
398 3080 576 3149 inflammer
601 3081 723 3147 iniuriis
750 3081 803 3147 uel
830 3097 975 3164 quaeram
1002 3099 1081 3164 quae
1108 3098 1177 3147 mea
1205 3081 1280 3147 sunt
1307 3078 1359 3145 uel
1380 3096 1445 3145 ears

296 3204 373 3269 quae
395 3184 479 3251 mula
504 3186 579 3251 sunt
599 3185 733 3269 rogitem
747 3184 800 3249 uel
814 3183 962 3250 uniuersa
975 3201 1054 3267 quae
1068 3184 1146 3249 milri
1160 3186 1291 3268 possunt
1305 3181 1414 3249 inferri

245 3298 356 3363 1111011
382 3289 535 3373 patienter
562 3288 754 3371 libenterque
782 3288 963 3368 anatinam,
992 3286 1072 3351 nihil
1102 3286 1182 3354 mihi
1204 3287 1343 3371 proderit
1364 3303 1414 3350 ex-

294 3392 419 3457 terioris
440 3391 577 3458 hominis
598 3389 827 3459 abrenuntiatio
848 3393 942 3472 atquo
964 3388 1126 3455 conbustio
1148 3390 1294 3456 interiore
1314 3387 1416 3453 adhue

397 3606 430 3659 18
448 3604 497 3659 Mt.
519 3604 559 3671 19,
577 3604 610 3658 21

348 3798 363 3853 1
381 3798 486 3867 possint
502 3796 600 3852 D¹PX
688 3795 839 3851 euerritur
850 3795 905 3851 suis
919 3796 942 3852 0
1025 3797 1043 3851 b
1060 3796 1182 3851 uenirent
1201 3796 1224 3852 0
1308 3796 1325 3849 9
1342 3794 1415 3849 uide-
1531 3755 1532 3796 i

296 3888 342 3939 tur
369 3882 435 3938 D'O
538 3883 571 3937 10
596 3882 650 3937 sibi
676 3897 745 3937 aaa.
771 3884 804 3937 s'ss
829 3882 859 3937 D
962 3882 993 3937 11
1020 3881 1118 3950 aliquit
1145 3880 1168 3936 O
1268 3895 1415 3934 reseruasse
1531 3927 1532 3932 ,

293 3972 335 4027 D¹
440 3972 481 4023 set
497 3969 573 4037 D(O)
674 3968 707 4023 12
724 3967 819 4040 inquid
835 3968 935 4025 DWP
1031 3968 1110 4039 oybus
1127 3966 1184 4023 DP
1286 3966 1319 4021 17
1336 3966 1415 4037 cybus

292 4090 324 4145 1>
412 4090 444 4147 ro
462 4104 621 4158 osingerum
639 4088 668 4142 r>
747 4089 817 4158 queo
833 4089 924 4146 uuor
1009 4088 1041 4143 ro
1058 4060 1129 4143 uiue
1145 4087 1177 4142 1>
1261 4086 1295 4141 a1
1313 4085 1416 4141 sones

294 4178 324 4231 et
344 4174 375 4230 D
476 4174 1035 4243 orbislrue.21litt.(etaeler)s'ssD
1136 4173 1171 4228 22
1195 4172 1355 4241 martyrium
1371 4186 1414 4227 ex*

294 4261 401 4315 ustione
422 4260 522 4317 D¹Or:
552 4276 587 4315 m.
611 4261 773 4315 exustionem
795 4260 834 4317 W
864 4275 899 4314 rn.
923 4259 1069 4315 exustionis
1092 4258 1163 4315 D’P
1277 4256 1311 4311 27
1333 4255 1414 4326 prode

292 4346 346 4401 erit
366 4346 389 4403 0
489 4345 524 4401 28
541 4346 664 4401 interiori
682 4361 715 4401 ex
731 4346 868 4401 interioris
886 4345 910 4401 0
