3092 4967
280 457 346 523 410
673 451 839 509 Iohannis
857 452 1016 508 Cassiani

280 645 421 710 doctrina
448 663 508 710 nec
533 643 667 711 eruditio
688 643 867 722 saecularis,
897 643 952 708 sed
974 643 1041 709 sola
1065 644 1185 726 puritas
1209 644 1323 710 mentis
1344 663 1395 726 per

280 746 550 814 inluminationem
571 748 670 812 sancti
691 745 822 828 spiritus
843 746 1026 830 possidebit.

323 867 362 932 X.
385 867 608 933 Festinandum
637 867 735 950 igitur
763 867 822 933 tibi
845 873 901 948 est,
933 867 960 933 si
983 868 1023 932 sd
1044 887 1153 933 nerum
1174 867 1394 950 scripturarum

279 970 330 1035 uis
362 969 524 1035 scientiam
556 970 727 1052 peruenire,
764 971 801 1034 ut
834 969 1048 1036 humilitatem
1081 969 1182 1036 cerdis
1221 967 1397 1034 inmobilem

279 1072 428 1156 primitus
456 1073 663 1155 consequaris,
694 1091 774 1156 quae
802 1075 834 1137 te
858 1091 919 1138 non
940 1072 981 1139 cd
1002 1072 1093 1160 illum
1115 1090 1194 1155 queo
1216 1069 1317 1148 inflat,
1346 1071 1429 1137 sodo

279 1175 321 1241 ad
352 1193 422 1240 eam
454 1193 534 1259 queo
566 1175 737 1241 inluminat
770 1176 1106 1272 scientiamcaritstis
1137 1177 1398 1241 consummatione

278 1277 439 1362 perducat.
475 1278 658 1362 inpossibile
687 1294 821 1363 namquo
850 1281 899 1344 ost
920 1279 1105 1344 inmundam
1128 1281 1265 1344 mentem
1288 1278 1398 1344 donum

279 1380 429 1447 scientiae
457 1381 610 1465 spiritalis
638 1381 777 1465 adipisci.
816 1386 847 1448 et
876 1382 990 1449 ideirco
1017 1383 1102 1449 omni
1125 1385 1266 1449 cautione
1287 1383 1398 1464 deuits,

279 1503 319 1550 ne
348 1485 408 1550 tibi
436 1502 492 1566 per
521 1484 662 1550 studium
691 1483 834 1550 lectionis
863 1501 923 1551 non
953 1486 1100 1551 scientiae
1131 1486 1238 1550 lumen
1267 1503 1323 1550 noe
1344 1485 1398 1550 ills

278 1590 430 1672 perpetua
449 1606 528 1671 quse
543 1607 598 1671 per
619 1587 889 1656 inluminationem
907 1590 1065 1655 doetrinae
1079 1589 1277 1671 promittitur
1293 1589 1396 1672 gloria,
1408 1612 1430 1651 ro

279 1691 333 1756 sed
355 1692 566 1757 instrumente
588 1691 772 1773 perditionis
794 1692 832 1756 do
848 1691 1049 1775 adrogantiae
1064 1691 1204 1758 uanitate
1225 1697 1399 1756 nascantur.

247 1795 390 1860 idcinde
418 1794 476 1858 hoo
503 1794 563 1859 tibi
593 1798 641 1858 est
670 1793 857 1860 omnimodis
886 1794 1076 1874 enitendum,
1106 1797 1143 1861 ut
1169 1794 1297 1880 expulsa
1318 1796 1399 1860 omni

278 1896 490 1962 sollicitudine
511 1902 543 1960 et
559 1897 746 1980 cogitatione
761 1902 887 1963 terrena
901 1900 1065 1966 adsiduum
1081 1903 1112 1965 te
1126 1918 1163 1965 ac
1178 1901 1282 1981 potius
1298 1901 1399 1981 iugem

278 2017 384 2066 sacrus
419 2001 565 2082 praebeas
601 2000 739 2077 lectioni,
778 2003 873 2066 donec
911 2002 1059 2068 continua
1094 2003 1256 2068 meditatio
1293 2001 1400 2066 inbuat

277 2106 416 2168 mentem
447 2107 534 2168 tuam
563 2107 595 2168 et
624 2104 714 2186 quasi
742 2105 775 2169 in
806 2104 1048 2170 similitudinem
1076 2107 1125 2170 sui
1155 2106 1279 2184 formet,
1301 2123 1430 2170 cronno

279 2209 505 2290 quodammodo
534 2227 570 2272 er
600 2227 636 2274 ea
664 2207 781 2273 facicm
810 2209 1001 2286 testamenti,
1031 2208 1199 2274 habentem
1230 2208 1348 2273 seilicet
1369 2209 1400 2272 iu

279 2331 314 2377 se
336 2311 413 2376 dues
435 2311 560 2376 tabulas
575 2311 725 2391 lapideas,
741 2311 772 2377 id
789 2313 837 2376 est
852 2311 986 2394 duplicis
1001 2311 1207 2376 instrumenti
1222 2315 1400 2394 perpetuam

279 2413 481 2479 firmitatem:
503 2431 615 2478 urnam
637 2431 759 2496 quoquo
783 2431 918 2492 auream,
941 2414 999 2479 hoe
1021 2419 1070 2479 ost
1091 2417 1273 2480 memoriam
1295 2431 1402 2496 puram

279 2518 373 2599 atque
394 2516 559 2592 sinceram,
587 2533 665 2599 quac
689 2517 881 2581 reconditum
896 2517 928 2581 in
945 2535 977 2582 se
994 2536 1109 2584 manna
1123 2519 1273 2600 perpetua
1287 2521 1402 2584 tonaci-

277 2623 345 2685 tate
373 2620 544 2702 conseruet,
575 2619 768 2701 spiritalium
797 2619 920 2684 scilicet
941 2637 1086 2684 sensuum
1109 2622 1142 2684 et
1163 2621 1296 2705 angelici
1318 2621 1431 2684 illinere

278 2723 368 2807 punis
404 2739 571 2805 perennem
608 2722 833 2805 caelestemque
871 2722 1083 2788 dulcedinem:
1118 2741 1176 2788 noc
1211 2740 1272 2789 non
1310 2723 1402 2786 etism
1513 2787 1514 2790 ,

278 2824 401 2908 uirgam
434 2827 549 2904 Aaron,
580 2826 613 2891 id
643 2833 692 2891 est
720 2826 836 2890 summi
866 2827 993 2908 uerique
1023 2826 1178 2908 pontificis
1208 2828 1305 2891 umbri
1337 2825 1402 2888 Iesu

278 2927 396 2994 (lbristi
410 2929 546 2994 salutare
559 2929 720 3005 uexillum,
735 2929 914 2995 inmortalis
926 2932 1093 2996 memoriae
1108 2947 1231 3011 semper
1244 2928 1402 2994 uiriditate

249 3025 485 3098 3lrondeseens.
521 3032 599 3097 hcec
624 3050 756 3113 namque
780 3036 827 3096 ost
849 3033 941 3115 uirgo
956 3050 1035 3114 quac
1050 3035 1253 3115 posteaquam
1267 3030 1307 3095 de
1323 3031 1402 3095 Iesse

278 3134 380 3200 radice
403 3135 524 3201 succisa
546 3136 595 3200 est
615 3133 760 3199 uiuaoius
782 3134 973 3200 mortificata
994 3136 1166 3200 reuiresoit.
1204 3134 1279 3199 haec
1301 3135 1430 3199 autenm

278 3237 384 3302 omnia
406 3236 524 3303 duobus
548 3236 716 3320 Cherubin,
739 3239 771 3303 id
795 3239 843 3302 ost
864 3237 1031 3303 historicae
1047 3241 1080 3302 et
1094 3237 1244 3319 spiritalis
1260 3235 1402 3302 scientiae

278 3340 474 3423 plenitudine
495 3343 707 3424 protegentur.
745 3340 904 3406 Cherubin
921 3341 1005 3404 enim
1020 3340 1246 3423 interpretatur
1260 3341 1402 3405 scientiae

381 3569 444 3626 bei.
457 3569 580 3636 Iconii,
594 3571 608 3624 1
680 3571 712 3624 17
725 3571 796 3640 equ]
809 3570 842 3624 cl.
855 3571 937 3626 Hebr.
949 3571 975 3634 9,
986 3570 1057 3627 4-5
1124 3569 1159 3624 24
1171 3569 1203 3624 oi.
1216 3568 1289 3624 Esai.
1302 3569 1342 3634 11,
1356 3570 1367 3622 l

330 3783 347 3836 2
369 3783 515 3852 possidebit
532 3785 573 3837 Σε
603 3783 652 3838 obt
669 3785 735 3852 (opt.
752 3786 788 3850 Y)
805 3783 892 3838 iuebit
914 3783 1023 3838 H'l‘Oo
1103 3785 1281 3839 dsoientiam
1298 3785 1339 3838 uis
1356 3784 1399 3836 Σο
1510 3817 1511 3854 3

279 3884 315 3921 so.
333 3868 472 3935 peruenire
489 3869 621 3923 desideras
639 3868 684 3922 Or
787 3870 804 3922 5
827 3871 995 3938 consequeris
1012 3869 1051 3920 Π1
1156 3871 1173 3925 8
1191 3870 1281 3925 dinita
1297 3869 1337 3922 ll¹
1510 3855 1511 3909 l

278 3953 370 4022 tinec]
387 3968 420 4006 no
437 3953 469 4006 ll
552 3956 585 4009 11
603 3971 689 4024 arrog.
707 3955 795 4008 ZYO
824 3955 998 4024 adrogantia·
1016 3959 1040 4020 (e
1058 3958 1141 4023 erus.)
1159 3958 1189 4009 Π
1274 3954 1397 4010 mnitatis

278 4041 405 4093 nmcatnr
422 4039 452 4090 Π
549 4041 582 4095 13
598 4041 735 4095 assiduum
755 4042 842 4095 ΣΤΟ
945 4042 978 4096 14
996 4041 1102 4097 imbuat
1120 4042 1183 4094 ΣΠ
1281 4043 1313 4096 16
1329 4043 1357 4096 in
1373 4054 1399 4092 se

278 4125 469 4180 scilicetll‘l'o
560 4128 593 4182 18
604 4129 709 4197 urnam]
723 4143 806 4182 unam
819 4130 847 4180 Σ
931 4131 1195 4198 aureamquoqnct'
1277 4129 1311 4182 21
1322 4127 1399 4182 dulci·
1509 4169 1510 4172 ,

278 4210 367 4264 dinem
383 4211 423 4262 11¹
526 4211 560 4264 24
577 4212 661 4267 iessae
678 4213 708 4264 ll
803 4213 892 4268 radice
909 4229 984 4283 gesse
1003 4214 1028 4266 0
1129 4215 1163 4268 25
1182 4213 1283 4268 suioisa
1298 4213 1337 4265 Πι
1509 4185 1510 4277 l

277 4295 438 4349 mortificate
463 4295 503 4347 ΠΙ
614 4299 649 4352 26
675 4298 821 4353 ohserubin
849 4299 910 4350 ΣΠ
939 4299 1077 4353 cherubim
1105 4301 1141 4364 Τ,
1167 4301 1231 4354 dem
1257 4299 1336 4365 iissre

278 4381 381 4449 hyster.
400 4383 426 4432 Τ
525 4383 559 4437 27
577 4387 758 4451 proteguntur
775 4385 865 4439 H‘Tc
894 4385 1092 4454 protegeturO
