<?xml version="1.0" encoding="UTF-8"?>
<!DOCTYPE html PUBLIC "-//W3C//DTD XHTML 1.0 Transitional//EN"
    "http://www.w3.org/TR/xhtml1/DTD/xhtml1-transitional.dtd">
<html xmlns="http://www.w3.org/1999/xhtml" xml:lang="en" lang="en">
 <head>
  <title>
</title>
<meta http-equiv="Content-Type" content="text/html;charset=utf-8" />
  <meta name='ocr-system' content='tesseract 3.04.00' />
  <meta name='ocr-capabilities' content='ocr_page ocr_carea ocr_par ocr_line ocrx_word'/>
</head>
<body>
  <div class='ocr_page' id='page_1' title='image "./iohanniscassian00petsgoog_0388.png"; bbox 0 0 3092 4967; ppageno 0'>
   <div class='ocr_carea' id='block_1_1' title="bbox 299 454 1034 525">
    <p class='ocr_par' dir='ltr' id='par_1_1' title="bbox 299 454 1034 525">
     <span class='ocr_line' id='line_1_1' title="bbox 299 454 1034 525; baseline -0.023 0"><span class='ocrx_word' id='word_1_1' title='bbox 299 459 363 525; x_wconf 68' lang='lat'>378</span> <span class='ocrx_word' id='word_1_2' title='bbox 694 455 858 511; x_wconf 84' lang='lat' dir='ltr'>lobannis</span> <span class='ocrx_word' id='word_1_3' title='bbox 875 454 1034 511; x_wconf 81' lang='lat' dir='ltr'>Cassiani</span> 
     </span>
    </p>
   </div>
   <div class='ocr_carea' id='block_1_2' title="bbox 301 642 1430 830">
    <p class='ocr_par' dir='ltr' id='par_1_2' title="bbox 301 642 1430 830">
     <span class='ocr_line' id='line_1_2' title="bbox 301 642 1430 729; baseline -0.002 -18"><span class='ocrx_word' id='word_1_4' title='bbox 301 644 502 729; x_wconf 80' lang='lat' dir='ltr'>perspexerit,</span> <span class='ocrx_word' id='word_1_5' title='bbox 525 643 754 711; x_wconf 84' lang='lat' dir='ltr'>adhortationes</span> <span class='ocrx_word' id='word_1_6' title='bbox 776 643 955 709; x_wconf 78' lang='lat' dir='ltr'>salutiferas</span> <span class='ocrx_word' id='word_1_7' title='bbox 976 644 1124 709; x_wconf 90' lang='lat' dir='ltr'>admouet</span> <span class='ocrx_word' id='word_1_8' title='bbox 1138 642 1280 710; x_wconf 86' lang='lat' dir='ltr'>eordibm</span> <span class='ocrx_word' id='word_1_9' title='bbox 1295 642 1430 721; x_wconf 83' lang='lat' dir='ltr'>nostris,</span> 
     </span>
     <span class='ocr_line' id='line_1_3' title="bbox 302 744 1377 830; baseline -0.002 -17"><span class='ocrx_word' id='word_1_10' title='bbox 302 749 414 830; x_wconf 83' lang='lat' dir='ltr'>quibus</span> <span class='ocrx_word' id='word_1_11' title='bbox 436 748 583 815; x_wconf 89' lang='lat' dir='ltr'>uoluntas</span> <span class='ocrx_word' id='word_1_12' title='bbox 606 746 686 815; x_wconf 90' lang='lat' dir='ltr'>bona</span> <span class='ocrx_word' id='word_1_13' title='bbox 708 746 761 814; x_wconf 89' lang='lat' dir='ltr'>uel</span> <span class='ocrx_word' id='word_1_14' title='bbox 783 747 947 830; x_wconf 86' lang='lat' dir='ltr'>reparetur</span> <span class='ocrx_word' id='word_1_15' title='bbox 967 747 1021 813; x_wconf 88' lang='lat' dir='ltr'>nei</span> <span class='ocrx_word' id='word_1_16' title='bbox 1041 746 1193 813; x_wconf 79' lang='lat' dir='ltr'>formetur</span> <span class='ocrx_word' id='word_1_17' title='bbox 1213 746 1247 811; x_wconf 93' lang='lat' dir='ltr'>iu</span> <span class='ocrx_word' id='word_1_18' title='bbox 1269 744 1377 812; x_wconf 87' lang='lat' dir='ltr'>nobis.</span> 
     </span>
    </p>
   </div>
   <div class='ocr_carea' id='block_1_3' title="bbox 270 865 1524 3421">
    <p class='ocr_par' dir='ltr' id='par_1_3' title="bbox 300 865 1462 1449">
     <span class='ocr_line' id='line_1_4' title="bbox 344 865 1428 944; baseline -0.002 -11"><span class='ocrx_word' id='word_1_19' title='bbox 344 868 417 933; x_wconf 88' lang='lat' dir='ltr'><strong>XII.</strong></span> <span class='ocrx_word' id='word_1_20' title='bbox 440 867 506 933; x_wconf 86' lang='lat' dir='ltr'>Neo</span> <span class='ocrx_word' id='word_1_21' title='bbox 529 866 611 933; x_wconf 90' lang='lat' dir='ltr'>euim</span> <span class='ocrx_word' id='word_1_22' title='bbox 633 868 731 933; x_wconf 89' lang='lat' dir='ltr'>talem</span> <span class='ocrx_word' id='word_1_23' title='bbox 753 868 829 933; x_wconf 89' lang='lat' dir='ltr'>deus</span> <span class='ocrx_word' id='word_1_24' title='bbox 859 867 1016 933; x_wconf 89' lang='lat' dir='ltr'>bominem</span> <span class='ocrx_word' id='word_1_25' title='bbox 1038 867 1149 933; x_wconf 86' lang='lat' dir='ltr'>ieoisse</span> <span class='ocrx_word' id='word_1_26' title='bbox 1170 867 1346 933; x_wconf 85' lang='lat' dir='ltr'>eradendus</span> <span class='ocrx_word' id='word_1_27' title='bbox 1369 865 1428 944; x_wconf 87' lang='lat' dir='ltr'>est,</span> 
     </span>
     <span class='ocr_line' id='line_1_5' title="bbox 301 969 1430 1054; baseline -0.003 -18"><span class='ocrx_word' id='word_1_28' title='bbox 301 972 355 1054; x_wconf 87' lang='lat' dir='ltr'>qui</span> <span class='ocrx_word' id='word_1_29' title='bbox 378 990 434 1037; x_wconf 87' lang='lat' dir='ltr'>neo</span> <span class='ocrx_word' id='word_1_30' title='bbox 456 970 535 1036; x_wconf 88' lang='lat' dir='ltr'>uelit</span> <span class='ocrx_word' id='word_1_31' title='bbox 557 970 704 1054; x_wconf 82' lang='lat' dir='ltr'>umquam</span> <span class='ocrx_word' id='word_1_32' title='bbox 719 986 776 1036; x_wconf 91' lang='lat' dir='ltr'>neo</span> <span class='ocrx_word' id='word_1_33' title='bbox 791 972 890 1054; x_wconf 88' lang='lat' dir='ltr'>possit</span> <span class='ocrx_word' id='word_1_34' title='bbox 904 970 1029 1035; x_wconf 88' lang='lat' dir='ltr'>bonum.</span> <span class='ocrx_word' id='word_1_35' title='bbox 1064 970 1202 1052; x_wconf 82' lang='lat' dir='ltr'>alioquin</span> <span class='ocrx_word' id='word_1_36' title='bbox 1215 988 1273 1035; x_wconf 89' lang='lat' dir='ltr'>neo</span> <span class='ocrx_word' id='word_1_37' title='bbox 1288 969 1430 1034; x_wconf 88' lang='lat' dir='ltr'>liberum</span> 
     </span>
     <span class='ocr_line' id='line_1_6' title="bbox 300 1058 1462 1157; baseline 0.002 -20"><span class='ocrx_word' id='word_1_38' title='bbox 300 1074 330 1137; x_wconf 90' lang='lat' dir='ltr'>ei</span> <span class='ocrx_word' id='word_1_39' title='bbox 351 1074 494 1157; x_wconf 76' lang='lat' dir='ltr'>permisit</span> <span class='ocrx_word' id='word_1_40' title='bbox 522 1072 700 1153; x_wconf 73' lang='lat' dir='ltr'>arbitrium,</span> <span class='ocrx_word' id='word_1_41' title='bbox 730 1072 758 1139; x_wconf 92' lang='lat' dir='ltr'>si</span> <span class='ocrx_word' id='word_1_42' title='bbox 786 1074 816 1138; x_wconf 90' lang='lat' dir='ltr'>ei</span> <span class='ocrx_word' id='word_1_43' title='bbox 844 1058 1061 1139; x_wconf 78' lang='lat' dir='ltr'>tantummodo</span> <span class='ocrx_word' id='word_1_44' title='bbox 1089 1072 1210 1139; x_wconf 82' lang='lat' dir='ltr'>malum</span> <span class='ocrx_word' id='word_1_45' title='bbox 1230 1076 1269 1136; x_wconf 88' lang='lat' dir='ltr'>ut</span> <span class='ocrx_word' id='word_1_46' title='bbox 1290 1071 1376 1137; x_wconf 88' lang='lat' dir='ltr'>uelit</span> <span class='ocrx_word' id='word_1_47' title='bbox 1396 1072 1462 1139; x_wconf 77' lang='lat' dir='ltr'>ets</span> 
     </span>
     <span class='ocr_line' id='line_1_7' title="bbox 300 1174 1427 1260; baseline -0.005 -18"><span class='ocrx_word' id='word_1_48' title='bbox 300 1177 408 1260; x_wconf 77' lang='lat' dir='ltr'>possit,</span> <span class='ocrx_word' id='word_1_49' title='bbox 431 1176 546 1242; x_wconf 80' lang='lat' dir='ltr'>bonum</span> <span class='ocrx_word' id='word_1_50' title='bbox 568 1193 641 1242; x_wconf 88' lang='lat' dir='ltr'>uero</span> <span class='ocrx_word' id='word_1_51' title='bbox 664 1193 684 1246; x_wconf 92' lang='lat' dir='ltr'>a</span> <span class='ocrx_word' id='word_1_52' title='bbox 705 1179 806 1242; x_wconf 87' lang='lat' dir='ltr'>semet</span> <span class='ocrx_word' id='word_1_53' title='bbox 826 1175 895 1257; x_wconf 92' lang='lat' dir='ltr'>ipso</span> <span class='ocrx_word' id='word_1_54' title='bbox 909 1195 967 1243; x_wconf 90' lang='lat' dir='ltr'>neo</span> <span class='ocrx_word' id='word_1_55' title='bbox 980 1174 1065 1241; x_wconf 87' lang='lat' dir='ltr'>uelle</span> <span class='ocrx_word' id='word_1_56' title='bbox 1080 1193 1138 1242; x_wconf 89' lang='lat' dir='ltr'>neo</span> <span class='ocrx_word' id='word_1_57' title='bbox 1152 1192 1243 1258; x_wconf 88' lang='lat' dir='ltr'>posse</span> <span class='ocrx_word' id='word_1_58' title='bbox 1258 1174 1427 1240; x_wconf 80' lang='lat' dir='ltr'>mneessit.</span> 
     </span>
     <span class='ocr_line' id='line_1_8' title="bbox 301 1276 1429 1363; baseline -0.005 -16"><span class='ocrx_word' id='word_1_59' title='bbox 301 1282 334 1347; x_wconf 91' lang='lat' dir='ltr'>et</span> <span class='ocrx_word' id='word_1_60' title='bbox 363 1278 514 1363; x_wconf 89' lang='lat' dir='ltr'>quomodo</span> <span class='ocrx_word' id='word_1_61' title='bbox 544 1278 644 1345; x_wconf 90' lang='lat' dir='ltr'>stabit</span> <span class='ocrx_word' id='word_1_62' title='bbox 673 1279 730 1345; x_wconf 87' lang='lat' dir='ltr'>illa</span> <span class='ocrx_word' id='word_1_63' title='bbox 760 1279 879 1345; x_wconf 91' lang='lat' dir='ltr'>domini</span> <span class='ocrx_word' id='word_1_64' title='bbox 907 1282 979 1363; x_wconf 85' lang='lat' dir='ltr'>poet</span> <span class='ocrx_word' id='word_1_65' title='bbox 1005 1280 1308 1362; x_wconf 87' lang='lat' dir='ltr'>praeuarieatiouem</span> <span class='ocrx_word' id='word_1_66' title='bbox 1331 1276 1429 1361; x_wconf 93' lang='lat' dir='ltr'>primi</span> 
     </span>
     <span class='ocr_line' id='line_1_9' title="bbox 301 1381 1428 1449; baseline -0.005 0"><span class='ocrx_word' id='word_1_67' title='bbox 301 1382 436 1449; x_wconf 88' lang='lat' dir='ltr'>bominis</span> <span class='ocrx_word' id='word_1_68' title='bbox 472 1383 537 1449; x_wconf 86' lang='lat' dir='ltr'>lata</span> <span class='ocrx_word' id='word_1_69' title='bbox 573 1382 741 1449; x_wconf 85' lang='lat' dir='ltr'>sententia:</span> <span class='ocrx_word' id='word_1_70' title='bbox 779 1400 866 1448; x_wconf 86' lang='lat' dir='ltr'>euos</span> <span class='ocrx_word' id='word_1_71' title='bbox 903 1382 1024 1447; x_wconf 83' lang='lat' dir='ltr'>Adam</span> <span class='ocrx_word' id='word_1_72' title='bbox 1056 1381 1191 1447; x_wconf 86' lang='lat' dir='ltr'>faetus</span> <span class='ocrx_word' id='word_1_73' title='bbox 1223 1384 1281 1447; x_wconf 91' lang='lat' dir='ltr'>est</span> <span class='ocrx_word' id='word_1_74' title='bbox 1316 1381 1428 1447; x_wconf 86' lang='lat' dir='ltr'>sieut</span> 
     </span>
    </p>

    <p class='ocr_par' dir='ltr' id='par_1_4' title="bbox 270 1481 1524 3421">
     <span class='ocr_line' id='line_1_10' title="bbox 270 1481 1428 1565; baseline -0.003 -14"><span class='ocrx_word' id='word_1_75' title='bbox 270 1486 399 1553; x_wconf 65' lang='lat' dir='ltr'>tunes</span> <span class='ocrx_word' id='word_1_76' title='bbox 429 1486 627 1565; x_wconf 82' lang='lat' dir='ltr'>ornabis,</span> <span class='ocrx_word' id='word_1_77' title='bbox 658 1484 794 1550; x_wconf 88' lang='lat' dir='ltr'>saieus</span> <span class='ocrx_word' id='word_1_78' title='bbox 823 1485 964 1550; x_wconf 89' lang='lat' dir='ltr'>bonum</span> <span class='ocrx_word' id='word_1_79' title='bbox 994 1488 1032 1550; x_wconf 90' lang='lat' dir='ltr'>et</span> <span class='ocrx_word' id='word_1_80' title='bbox 1060 1482 1226 1550; x_wconf 73' lang='lat' dir='ltr'>malum?</span> <span class='ocrx_word' id='word_1_81' title='bbox 1254 1500 1319 1548; x_wconf 90' lang='lat' dir='ltr'>nou</span> <span class='ocrx_word' id='word_1_82' title='bbox 1341 1481 1428 1547; x_wconf 90' lang='lat' dir='ltr'>enim</span> 
     </span>
     <span class='ocr_line' id='line_1_11' title="bbox 300 1585 1459 1672; baseline -0.003 -17"><span class='ocrx_word' id='word_1_83' title='bbox 300 1588 375 1656; x_wconf 84' lang='lat' dir='ltr'>talis</span> <span class='ocrx_word' id='word_1_84' title='bbox 396 1589 470 1653; x_wconf 87' lang='lat' dir='ltr'>ante</span> <span class='ocrx_word' id='word_1_85' title='bbox 492 1588 587 1653; x_wconf 83' lang='lat' dir='ltr'>inisse</span> <span class='ocrx_word' id='word_1_86' title='bbox 608 1588 766 1672; x_wconf 85' lang='lat' dir='ltr'>putandus</span> <span class='ocrx_word' id='word_1_87' title='bbox 789 1592 847 1664; x_wconf 86' lang='lat' dir='ltr'>eet,</span> <span class='ocrx_word' id='word_1_88' title='bbox 871 1588 925 1670; x_wconf 91' lang='lat' dir='ltr'>qui</span> <span class='ocrx_word' id='word_1_89' title='bbox 946 1588 1020 1653; x_wconf 91' lang='lat' dir='ltr'>boui</span> <span class='ocrx_word' id='word_1_90' title='bbox 1042 1587 1125 1653; x_wconf 89' lang='lat' dir='ltr'>esset</span> <span class='ocrx_word' id='word_1_91' title='bbox 1136 1604 1264 1671; x_wconf 88' lang='lat' dir='ltr'>prorsus</span> <span class='ocrx_word' id='word_1_92' title='bbox 1278 1585 1459 1668; x_wconf 62' lang='lat' dir='ltr'>ignarmm</span> 
     </span>
     <span class='ocr_line' id='line_1_12' title="bbox 302 1688 1426 1774; baseline -0.005 -17"><span class='ocrx_word' id='word_1_93' title='bbox 302 1691 439 1774; x_wconf 78' lang='lat' dir='ltr'>alioquin</span> <span class='ocrx_word' id='word_1_94' title='bbox 462 1691 549 1756; x_wconf 90' lang='lat' dir='ltr'>uelut</span> <span class='ocrx_word' id='word_1_95' title='bbox 571 1691 726 1772; x_wconf 86' lang='lat' dir='ltr'>quoddam</span> <span class='ocrx_word' id='word_1_96' title='bbox 747 1689 970 1757; x_wconf 83' lang='lat' dir='ltr'>inrationabile</span> <span class='ocrx_word' id='word_1_97' title='bbox 985 1691 1079 1773; x_wconf 84' lang='lat' dir='ltr'>atque</span> <span class='ocrx_word' id='word_1_98' title='bbox 1093 1690 1289 1755; x_wconf 84' lang='lat' dir='ltr'>insensatum</span> <span class='ocrx_word' id='word_1_99' title='bbox 1306 1688 1426 1755; x_wconf 88' lang='lat' dir='ltr'>animat</span> 
     </span>
     <span class='ocr_line' id='line_1_13' title="bbox 300 1791 1426 1875; baseline -0.004 -15"><span class='ocrx_word' id='word_1_100' title='bbox 300 1812 374 1860; x_wconf 91' lang='lat' dir='ltr'>eum</span> <span class='ocrx_word' id='word_1_101' title='bbox 408 1792 571 1859; x_wconf 74' lang='lat' dir='ltr'>aunuum</span> <span class='ocrx_word' id='word_1_102' title='bbox 604 1796 653 1858; x_wconf 87' lang='lat' dir='ltr'>est</span> <span class='ocrx_word' id='word_1_103' title='bbox 685 1792 782 1859; x_wconf 84' lang='lat' dir='ltr'>fuisse</span> <span class='ocrx_word' id='word_1_104' title='bbox 813 1793 997 1860; x_wconf 84' lang='lat' dir='ltr'>formatum:</span> <span class='ocrx_word' id='word_1_105' title='bbox 1030 1792 1112 1875; x_wconf 88' lang='lat' dir='ltr'>quod</span> <span class='ocrx_word' id='word_1_106' title='bbox 1141 1792 1219 1859; x_wconf 88' lang='lat' dir='ltr'>satis</span> <span class='ocrx_word' id='word_1_107' title='bbox 1252 1791 1426 1857; x_wconf 86' lang='lat' dir='ltr'>absurdum</span> 
     </span>
     <span class='ocr_line' id='line_1_14' title="bbox 301 1894 1427 1980; baseline -0.005 -17"><span class='ocrx_word' id='word_1_108' title='bbox 301 1897 395 1980; x_wconf 85' lang='lat' dir='ltr'>atque</span> <span class='ocrx_word' id='word_1_109' title='bbox 422 1914 443 1960; x_wconf 91' lang='lat' dir='ltr'>a</span> <span class='ocrx_word' id='word_1_110' title='bbox 471 1895 623 1962; x_wconf 82' lang='lat' dir='ltr'>natholiae</span> <span class='ocrx_word' id='word_1_111' title='bbox 651 1895 711 1961; x_wconf 89' lang='lat' dir='ltr'>fide</span> <span class='ocrx_word' id='word_1_112' title='bbox 740 1896 925 1963; x_wconf 82' lang='lat' dir='ltr'>omnimodis</span> <span class='ocrx_word' id='word_1_113' title='bbox 955 1896 1093 1962; x_wconf 90' lang='lat' dir='ltr'>alienum</span> <span class='ocrx_word' id='word_1_114' title='bbox 1122 1899 1181 1962; x_wconf 85' lang='lat' dir='ltr'>est.</span> <span class='ocrx_word' id='word_1_115' title='bbox 1219 1895 1297 1977; x_wconf 86' lang='lat' dir='ltr'>quin</span> <span class='ocrx_word' id='word_1_116' title='bbox 1327 1894 1427 1959; x_wconf 90' lang='lat' dir='ltr'>immo</span> 
     </span>
     <span class='ocr_line' id='line_1_15' title="bbox 301 1978 1426 2082; baseline -0.004 -17"><span class='ocrx_word' id='word_1_117' title='bbox 301 1998 471 2065; x_wconf 87' lang='lat' dir='ltr'>seeundum</span> <span class='ocrx_word' id='word_1_118' title='bbox 506 1998 730 2082; x_wconf 72' lang='lat' dir='ltr'>sapientissimi</span> <span class='ocrx_word' id='word_1_119' title='bbox 766 1998 940 2065; x_wconf 66' lang='lat' dir='ltr'>Memoris</span> <span class='ocrx_word' id='word_1_120' title='bbox 976 2000 1163 2065; x_wconf 82' lang='lat' dir='ltr'>sententiam</span> <span class='ocrx_word' id='word_1_121' title='bbox 1195 1978 1295 2064; x_wconf 79' lang='lat' dir='ltr'>ie‘oit</span> <span class='ocrx_word' id='word_1_122' title='bbox 1330 2000 1426 2064; x_wconf 88' lang='lat' dir='ltr'>deus</span> 
     </span>
     <span class='ocr_line' id='line_1_16' title="bbox 300 2094 1456 2195; baseline -0.002 -27"><span class='ocrx_word' id='word_1_123' title='bbox 300 2102 491 2168; x_wconf 86' lang='lat' dir='ltr'>bominem</span> <span class='ocrx_word' id='word_1_124' title='bbox 520 2103 689 2178; x_wconf 84' lang='lat' dir='ltr'>rectum,</span> <span class='ocrx_word' id='word_1_125' title='bbox 721 2102 757 2167; x_wconf 91' lang='lat' dir='ltr'>id</span> <span class='ocrx_word' id='word_1_126' title='bbox 785 2105 845 2185; x_wconf 89' lang='lat' dir='ltr'>est,</span> <span class='ocrx_word' id='word_1_127' title='bbox 875 2105 912 2168; x_wconf 87' lang='lat' dir='ltr'>ut</span> <span class='ocrx_word' id='word_1_128' title='bbox 942 2102 1159 2195; x_wconf 87' lang='lat' dir='ltr'>tantummodo</span> <span class='ocrx_word' id='word_1_129' title='bbox 1188 2094 1264 2166; x_wconf 84' lang='lat' dir='ltr'>boni</span> <span class='ocrx_word' id='word_1_130' title='bbox 1289 2100 1456 2167; x_wconf 78' lang='lat' dir='ltr'>aoieutian</span> 
     </span>
     <span class='ocr_line' id='line_1_17' title="bbox 300 2203 1425 2289; baseline -0.003 -17"><span class='ocrx_word' id='word_1_131' title='bbox 300 2207 414 2289; x_wconf 76' lang='lat' dir='ltr'>iugiter</span> <span class='ocrx_word' id='word_1_132' title='bbox 451 2203 616 2284; x_wconf 85' lang='lat' dir='ltr'>frueretur,</span> <span class='ocrx_word' id='word_1_133' title='bbox 645 2204 699 2270; x_wconf 91' lang='lat' dir='ltr'>sed</span> <span class='ocrx_word' id='word_1_134' title='bbox 724 2204 806 2287; x_wconf 83' lang='lat' dir='ltr'>ipsi</span> <span class='ocrx_word' id='word_1_135' title='bbox 834 2205 1123 2288; x_wconf 84' lang='lat' dir='ltr'>quaesiuerunt</span> <span class='ocrx_word' id='word_1_136' title='bbox 1149 2205 1425 2289; x_wconf 77' lang='lat' dir='ltr'>cogitationes</span> 
     </span>
     <span class='ocr_line' id='line_1_18' title="bbox 299 2307 1426 2391; baseline -0.003 -17"><span class='ocrx_word' id='word_1_137' title='bbox 299 2308 466 2374; x_wconf 88' lang='lat' dir='ltr'>multas:</span> <span class='ocrx_word' id='word_1_138' title='bbox 489 2307 566 2373; x_wconf 84' lang='lat' dir='ltr'>faeti</span> <span class='ocrx_word' id='word_1_139' title='bbox 589 2307 672 2380; x_wconf 87' lang='lat' dir='ltr'>enim</span> <span class='ocrx_word' id='word_1_140' title='bbox 702 2312 787 2390; x_wconf 90' lang='lat' dir='ltr'>sunt,</span> <span class='ocrx_word' id='word_1_141' title='bbox 813 2310 852 2374; x_wconf 85' lang='lat' dir='ltr'>ut</span> <span class='ocrx_word' id='word_1_142' title='bbox 872 2308 992 2374; x_wconf 89' lang='lat' dir='ltr'>dietum</span> <span class='ocrx_word' id='word_1_143' title='bbox 1013 2310 1072 2391; x_wconf 77' lang='lat' dir='ltr'>est,</span> <span class='ocrx_word' id='word_1_144' title='bbox 1094 2309 1228 2373; x_wconf 88' lang='lat' dir='ltr'>seientes</span> <span class='ocrx_word' id='word_1_145' title='bbox 1249 2308 1371 2374; x_wconf 89' lang='lat' dir='ltr'>bonnm</span> <span class='ocrx_word' id='word_1_146' title='bbox 1394 2313 1426 2373; x_wconf 89' lang='lat' dir='ltr'>et</span> 
     </span>
     <span class='ocr_line' id='line_1_19' title="bbox 299 2407 1424 2505; baseline -0.001 -30"><span class='ocrx_word' id='word_1_147' title='bbox 299 2408 430 2475; x_wconf 88' lang='lat' dir='ltr'>malum.</span> <span class='ocrx_word' id='word_1_148' title='bbox 468 2407 606 2490; x_wconf 91' lang='lat' dir='ltr'>ooneepit</span> <span class='ocrx_word' id='word_1_149' title='bbox 627 2426 699 2491; x_wconf 83' lang='lat' dir='ltr'>ergo</span> <span class='ocrx_word' id='word_1_150' title='bbox 725 2408 829 2473; x_wconf 83' lang='lat' dir='ltr'>Adam</span> <span class='ocrx_word' id='word_1_151' title='bbox 851 2412 922 2491; x_wconf 93' lang='lat' dir='ltr'>post</span> <span class='ocrx_word' id='word_1_152' title='bbox 935 2408 1234 2491; x_wconf 72' lang='lat' dir='ltr'>praeuaricationem</span> <span class='ocrx_word' id='word_1_153' title='bbox 1249 2429 1348 2505; x_wconf 77' lang='lat' dir='ltr'>qnam</span> <span class='ocrx_word' id='word_1_154' title='bbox 1363 2428 1424 2475; x_wconf 89' lang='lat' dir='ltr'>non</span> 
     </span>
     <span class='ocr_line' id='line_1_20' title="bbox 301 2509 1424 2595; baseline 0.001 -19"><span class='ocrx_word' id='word_1_155' title='bbox 301 2510 454 2576; x_wconf 79' lang='lat' dir='ltr'>habuerat</span> <span class='ocrx_word' id='word_1_156' title='bbox 474 2510 634 2576; x_wconf 88' lang='lat' dir='ltr'>seientiam</span> <span class='ocrx_word' id='word_1_157' title='bbox 656 2509 741 2589; x_wconf 74' lang='lat' dir='ltr'>mab</span> <span class='ocrx_word' id='word_1_158' title='bbox 771 2511 843 2577; x_wconf 91' lang='lat' dir='ltr'>boni</span> <span class='ocrx_word' id='word_1_159' title='bbox 864 2531 938 2577; x_wconf 88' lang='lat' dir='ltr'>uero</span> <span class='ocrx_word' id='word_1_160' title='bbox 959 2529 1054 2593; x_wconf 87' lang='lat' dir='ltr'>quam</span> <span class='ocrx_word' id='word_1_161' title='bbox 1075 2518 1235 2595; x_wconf 76' lang='lat' dir='ltr'>acceperat</span> <span class='ocrx_word' id='word_1_162' title='bbox 1256 2512 1424 2578; x_wconf 88' lang='lat' dir='ltr'>seientiam</span> 
     </span>
     <span class='ocr_line' id='line_1_21' title="bbox 272 2612 1455 2699; baseline -0.001 -20"><span class='ocrx_word' id='word_1_163' title='bbox 272 2614 363 2679; x_wconf 76' lang='lat' dir='ltr'>tuen</span> <span class='ocrx_word' id='word_1_164' title='bbox 384 2613 502 2679; x_wconf 90' lang='lat' dir='ltr'>amisit.</span> <span class='ocrx_word' id='word_1_165' title='bbox 538 2612 670 2695; x_wconf 88' lang='lat' dir='ltr'>denique</span> <span class='ocrx_word' id='word_1_166' title='bbox 692 2632 754 2679; x_wconf 90' lang='lat' dir='ltr'>non</span> <span class='ocrx_word' id='word_1_167' title='bbox 775 2614 918 2679; x_wconf 85' lang='lat' dir='ltr'>amisisse</span> <span class='ocrx_word' id='word_1_168' title='bbox 940 2615 1111 2680; x_wconf 88' lang='lat' dir='ltr'>humanum</span> <span class='ocrx_word' id='word_1_169' title='bbox 1134 2634 1232 2698; x_wconf 77' lang='lat' dir='ltr'>genus</span> <span class='ocrx_word' id='word_1_170' title='bbox 1246 2620 1320 2699; x_wconf 90' lang='lat' dir='ltr'>post</span> <span class='ocrx_word' id='word_1_171' title='bbox 1334 2635 1455 2699; x_wconf 74' lang='lat' dir='ltr'>praere</span> 
     </span>
     <span class='ocr_line' id='line_1_22' title="bbox 301 2717 1424 2800; baseline 0.002 -19"><span class='ocrx_word' id='word_1_172' title='bbox 301 2717 526 2782; x_wconf 74' lang='lat' dir='ltr'>remeationem</span> <span class='ocrx_word' id='word_1_173' title='bbox 558 2717 643 2781; x_wconf 78' lang='lat' dir='ltr'>suae</span> <span class='ocrx_word' id='word_1_174' title='bbox 676 2717 841 2782; x_wconf 86' lang='lat' dir='ltr'>seientiam</span> <span class='ocrx_word' id='word_1_175' title='bbox 874 2718 945 2783; x_wconf 91' lang='lat' dir='ltr'>boni</span> <span class='ocrx_word' id='word_1_176' title='bbox 978 2718 1076 2783; x_wconf 89' lang='lat' dir='ltr'>etiam</span> <span class='ocrx_word' id='word_1_177' title='bbox 1109 2719 1241 2800; x_wconf 89' lang='lat' dir='ltr'>apostoli</span> <span class='ocrx_word' id='word_1_178' title='bbox 1265 2720 1424 2785; x_wconf 87' lang='lat' dir='ltr'>sententia</span> 
     </span>
     <span class='ocr_line' id='line_1_23' title="bbox 301 2818 1423 2904; baseline 0.004 -20"><span class='ocrx_word' id='word_1_179' title='bbox 301 2818 532 2885; x_wconf 88' lang='lat' dir='ltr'>euidentissime</span> <span class='ocrx_word' id='word_1_180' title='bbox 569 2818 753 2903; x_wconf 82' lang='lat' dir='ltr'>declaratut,</span> <span class='ocrx_word' id='word_1_181' title='bbox 791 2837 853 2903; x_wconf 86' lang='lat' dir='ltr'>qua</span> <span class='ocrx_word' id='word_1_182' title='bbox 884 2820 979 2886; x_wconf 86' lang='lat' dir='ltr'>dieit:</span> <span class='ocrx_word' id='word_1_183' title='bbox 1014 2839 1101 2887; x_wconf 89' lang='lat' dir='ltr'>oum</span> <span class='ocrx_word' id='word_1_184' title='bbox 1133 2823 1237 2887; x_wconf 92' lang='lat' dir='ltr'>enim</span> <span class='ocrx_word' id='word_1_185' title='bbox 1267 2827 1423 2904; x_wconf 80' lang='lat' dir='ltr'>gentes,</span> 
     </span>
     <span class='ocr_line' id='line_1_24' title="bbox 301 2922 1423 3010; baseline 0.002 -23"><span class='ocrx_word' id='word_1_186' title='bbox 301 2942 398 3006; x_wconf 89' lang='lat' dir='ltr'>quae</span> <span class='ocrx_word' id='word_1_187' title='bbox 427 2923 553 3006; x_wconf 82' lang='lat' dir='ltr'>legem</span> <span class='ocrx_word' id='word_1_188' title='bbox 582 2938 657 2987; x_wconf 90' lang='lat' dir='ltr'>non</span> <span class='ocrx_word' id='word_1_189' title='bbox 679 2922 842 3001; x_wconf 86' lang='lat' dir='ltr'>babent,</span> <span class='ocrx_word' id='word_1_190' title='bbox 872 2923 1117 2989; x_wconf 87' lang='lat' dir='ltr'>naturaliter</span> <span class='ocrx_word' id='word_1_191' title='bbox 1138 2926 1181 2990; x_wconf 79' lang='lat' dir='ltr'>e‘a</span> <span class='ocrx_word' id='word_1_192' title='bbox 1201 2943 1296 3008; x_wconf 88' lang='lat' dir='ltr'>quae</span> <span class='ocrx_word' id='word_1_193' title='bbox 1319 2926 1423 3010; x_wconf 82' lang='lat' dir='ltr'>legis</span> 
     </span>
     <span class='ocr_line' id='line_1_25' title="bbox 300 3026 1422 3111; baseline 0.002 -20"><span class='ocrx_word' id='word_1_194' title='bbox 300 3028 393 3091; x_wconf 89' lang='lat' dir='ltr'>sunt</span> <span class='ocrx_word' id='word_1_195' title='bbox 416 3026 584 3107; x_wconf 78' lang='lat' dir='ltr'>fatiunt,</span> <span class='ocrx_word' id='word_1_196' title='bbox 609 3026 647 3092; x_wconf 91' lang='lat' dir='ltr'>bi</span> <span class='ocrx_word' id='word_1_197' title='bbox 669 3026 797 3111; x_wconf 78' lang='lat' dir='ltr'>legem</span> <span class='ocrx_word' id='word_1_198' title='bbox 820 3046 893 3093; x_wconf 92' lang='lat' dir='ltr'>non</span> <span class='ocrx_word' id='word_1_199' title='bbox 916 3027 1108 3093; x_wconf 87' lang='lat' dir='ltr'>babentes</span> <span class='ocrx_word' id='word_1_200' title='bbox 1128 3030 1207 3111; x_wconf 85' lang='lat' dir='ltr'>ipsi</span> <span class='ocrx_word' id='word_1_201' title='bbox 1228 3027 1422 3094; x_wconf 87' lang='lat' dir='ltr'>sibieunt</span> 
     </span>
     <span class='ocr_line' id='line_1_26' title="bbox 300 3123 1453 3215; baseline 0.001 -21"><span class='ocrx_word' id='word_1_202' title='bbox 300 3129 377 3206; x_wconf 83' lang='lat' dir='ltr'>lex,</span> <span class='ocrx_word' id='word_1_203' title='bbox 400 3131 463 3213; x_wconf 88' lang='lat' dir='ltr'>qui</span> <span class='ocrx_word' id='word_1_204' title='bbox 485 3129 705 3195; x_wconf 89' lang='lat' dir='ltr'>ostendunt</span> <span class='ocrx_word' id='word_1_205' title='bbox 727 3123 821 3212; x_wconf 81' lang='lat' dir='ltr'>opu&#39;s</span> <span class='ocrx_word' id='word_1_206' title='bbox 843 3131 947 3214; x_wconf 79' lang='lat' dir='ltr'>legis</span> <span class='ocrx_word' id='word_1_207' title='bbox 969 3132 1217 3215; x_wconf 89' lang='lat' dir='ltr'>seriptumin</span> <span class='ocrx_word' id='word_1_208' title='bbox 1234 3131 1453 3199; x_wconf 79' lang='lat' dir='ltr'>eordibuee</span> 
     </span>
     <span class='ocr_line' id='line_1_27' title="bbox 299 3230 1422 3311; baseline 0.002 -14"><span class='ocrx_word' id='word_1_209' title='bbox 299 3230 397 3311; x_wconf 90' lang='lat' dir='ltr'>suis,</span> <span class='ocrx_word' id='word_1_210' title='bbox 441 3231 720 3298; x_wconf 87' lang='lat' dir='ltr'>testimonium</span> <span class='ocrx_word' id='word_1_211' title='bbox 763 3234 956 3299; x_wconf 87' lang='lat' dir='ltr'>reddente</span> <span class='ocrx_word' id='word_1_212' title='bbox 1000 3236 1056 3300; x_wconf 91' lang='lat' dir='ltr'>eis</span> <span class='ocrx_word' id='word_1_213' title='bbox 1095 3235 1348 3300; x_wconf 87' lang='lat' dir='ltr'>oonsoientia</span> <span class='ocrx_word' id='word_1_214' title='bbox 1385 3238 1422 3299; x_wconf 90' lang='lat' dir='ltr'>et</span> 
     </span>
     <span class='ocr_line' id='line_1_28' title="bbox 300 3334 1524 3421; baseline 0.002 -23"><span class='ocrx_word' id='word_1_215' title='bbox 300 3334 410 3400; x_wconf 90' lang='lat' dir='ltr'>inter</span> <span class='ocrx_word' id='word_1_216' title='bbox 432 3355 470 3401; x_wconf 89' lang='lat' dir='ltr'>se</span> <span class='ocrx_word' id='word_1_217' title='bbox 493 3334 662 3401; x_wconf 87' lang='lat' dir='ltr'>innioem</span> <span class='ocrx_word' id='word_1_218' title='bbox 692 3336 1014 3421; x_wconf 76' lang='lat' dir='ltr'>cogitationibus</span> <span class='ocrx_word' id='word_1_219' title='bbox 1043 3338 1322 3405; x_wconf 86' lang='lat' dir='ltr'>aeousantibus</span> <span class='ocrx_word' id='word_1_220' title='bbox 1353 3343 1421 3405; x_wconf 89' lang='lat' dir='ltr'>aut</span> <span class='ocrx_word' id='word_1_221' title='bbox 1523 3355 1524 3360; x_wconf 47' lang='lat'>¹</span> 
     </span>
    </p>
   </div>
   <div class='ocr_carea' id='block_1_4' title="bbox 407 3541 1374 3615">
    <p class='ocr_par' dir='ltr' id='par_1_5' title="bbox 407 3541 1374 3615">
     <span class='ocr_line' id='line_1_29' title="bbox 407 3541 1374 3615; baseline 0.002 -18"><span class='ocrx_word' id='word_1_222' title='bbox 407 3542 424 3597; x_wconf 83' lang='lat'><strong>3</strong></span> <span class='ocrx_word' id='word_1_223' title='bbox 442 3541 497 3596; x_wconf 83' lang='lat' dir='ltr'>Nee</span> <span class='ocrx_word' id='word_1_224' title='bbox 509 3542 581 3597; x_wconf 86' lang='lat' dir='ltr'>euim</span> <span class='ocrx_word' id='word_1_225' title='bbox 591 3582 598 3597; x_wconf 86' lang='lat'>.</span> <span class='ocrx_word' id='word_1_226' title='bbox 608 3580 616 3598; x_wconf 88' lang='lat'><strong>.</strong></span> <span class='ocrx_word' id='word_1_227' title='bbox 626 3583 632 3597; x_wconf 93' lang='lat'>.</span> <span class='ocrx_word' id='word_1_228' title='bbox 644 3582 650 3595; x_wconf 92' lang='lat'>.</span> <span class='ocrx_word' id='word_1_229' title='bbox 660 3580 668 3597; x_wconf 87' lang='lat'><strong><em>.</em></strong></span> <span class='ocrx_word' id='word_1_230' title='bbox 677 3582 684 3595; x_wconf 92' lang='lat'>.</span> <span class='ocrx_word' id='word_1_231' title='bbox 694 3561 718 3614; x_wconf 93' lang='lat' dir='ltr'>p.</span> <span class='ocrx_word' id='word_1_232' title='bbox 732 3544 821 3609; x_wconf 68' lang='lat' dir='ltr'>etat</span> <span class='ocrx_word' id='word_1_233' title='bbox 839 3546 942 3599; x_wconf 80' lang='lat' dir='ltr'>occulta</span> <span class='ocrx_word' id='word_1_234' title='bbox 952 3545 1097 3615; x_wconf 88' lang='lat' dir='ltr'>bominum]</span> <span class='ocrx_word' id='word_1_235' title='bbox 1116 3546 1209 3615; x_wconf 84' lang='lat' dir='ltr'>Proep.</span> <span class='ocrx_word' id='word_1_236' title='bbox 1226 3544 1289 3612; x_wconf 75' lang='grc'>9,1.</span> <span class='ocrx_word' id='word_1_237' title='bbox 1307 3546 1348 3611; x_wconf 87' lang='grc'>10,</span> <span class='ocrx_word' id='word_1_238' title='bbox 1363 3547 1374 3599; x_wconf 93' lang='grc'>1</span> 
     </span>
    </p>
   </div>
   <div class='ocr_carea' id='block_1_5' title="bbox 301 3780 1418 3921">
    <p class='ocr_par' dir='ltr' id='par_1_6' title="bbox 301 3780 1418 3921">
     <span class='ocr_line' id='line_1_30' title="bbox 301 3780 1418 3921; baseline -0.001 -84"><span class='ocrx_word' id='word_1_239' title='bbox 301 3780 597 3921; x_wconf 40' lang='grc' dir='ltr'>21216601Μῖ</span> <span class='ocrx_word' id='word_1_240' title='bbox 679 3782 828 3838; x_wconf 78' lang='lat' dir='ltr'>14Eocles.</span> <span class='ocrx_word' id='word_1_241' title='bbox 847 3783 870 3849; x_wconf 83' lang='grc'>7,</span> <span class='ocrx_word' id='word_1_242' title='bbox 888 3782 1028 3851; x_wconf 78' lang='lat' dir='ltr'>29(LXX)</span> <span class='ocrx_word' id='word_1_243' title='bbox 1105 3784 1139 3839; x_wconf 86' lang='grc'>16</span> <span class='ocrx_word' id='word_1_244' title='bbox 1157 3786 1215 3839; x_wconf 81' lang='lat' dir='ltr'>be.</span> <span class='ocrx_word' id='word_1_245' title='bbox 1292 3784 1418 3839; x_wconf 74' lang='lat' dir='ltr'>aunon.</span> 
     </span>
    </p>
   </div>
   <div class='ocr_carea' id='block_1_6' title="bbox 301 4035 1417 4432">
    <p class='ocr_par' dir='ltr' id='par_1_7' title="bbox 301 4035 1417 4432">
     <span class='ocr_line' id='line_1_31' title="bbox 351 4035 1417 4105; baseline 0.004 -14"><span class='ocrx_word' id='word_1_246' title='bbox 351 4037 370 4091; x_wconf 81' lang='lat'>4</span> <span class='ocrx_word' id='word_1_247' title='bbox 386 4035 466 4091; x_wconf 87' lang='lat' dir='ltr'>uellit</span> <span class='ocrx_word' id='word_1_248' title='bbox 483 4036 531 4103; x_wconf 83' lang='lat'>11¹,</span> <span class='ocrx_word' id='word_1_249' title='bbox 554 4038 619 4091; x_wconf 80' lang='lat' dir='ltr'>itera</span> <span class='ocrx_word' id='word_1_250' title='bbox 635 4038 714 4105; x_wconf 72' lang='lat' dir='ltr'>infra</span> <span class='ocrx_word' id='word_1_251' title='bbox 814 4040 832 4094; x_wconf 84' lang='grc'><strong>6</strong></span> <span class='ocrx_word' id='word_1_252' title='bbox 848 4042 1020 4097; x_wconf 73' lang='lat' dir='ltr'>wueemimet</span> <span class='ocrx_word' id='word_1_253' title='bbox 1035 4042 1067 4093; x_wconf 87' lang='grc' dir='ltr'><em>Π</em></span> <span class='ocrx_word' id='word_1_254' title='bbox 1165 4043 1185 4097; x_wconf 84' lang='grc'>8</span> <span class='ocrx_word' id='word_1_255' title='bbox 1201 4042 1289 4098; x_wconf 80' lang='lat' dir='ltr'>inlata</span> <span class='ocrx_word' id='word_1_256' title='bbox 1305 4044 1332 4095; x_wconf 76' lang='lat' dir='ltr'>t‘</span> <span class='ocrx_word' id='word_1_257' title='bbox 1355 4042 1417 4096; x_wconf 79' lang='lat' dir='ltr'>data</span> 
     </span>
     <span class='ocr_line' id='line_1_32' title="bbox 301 4120 1416 4190; baseline 0.005 -16"><span class='ocrx_word' id='word_1_258' title='bbox 301 4120 327 4174; x_wconf 90' lang='grc'><strong>0</strong></span> <span class='ocrx_word' id='word_1_259' title='bbox 408 4122 441 4176; x_wconf 91' lang='grc'>10</span> <span class='ocrx_word' id='word_1_260' title='bbox 458 4126 500 4177; x_wconf 87' lang='lat' dir='ltr'>est</span> <span class='ocrx_word' id='word_1_261' title='bbox 517 4122 631 4190; x_wconf 70' lang='lat' dir='ltr'>nuoo</span> <span class='ocrx_word' id='word_1_262' title='bbox 642 4124 704 4179; x_wconf 69' lang='lat' dir='ltr'>Pa:</span> <span class='ocrx_word' id='word_1_263' title='bbox 731 4140 781 4180; x_wconf 80' lang='lat' dir='ltr'>oea</span> <span class='ocrx_word' id='word_1_264' title='bbox 800 4127 829 4177; x_wconf 87' lang='grc' dir='ltr'><strong><em>Σ</em></strong></span> <span class='ocrx_word' id='word_1_265' title='bbox 914 4127 945 4181; x_wconf 94' lang='grc'>11</span> <span class='ocrx_word' id='word_1_266' title='bbox 959 4126 1217 4182; x_wconf 65' lang='lat' dir='ltr'>inrationabilemt</span> <span class='ocrx_word' id='word_1_267' title='bbox 1304 4127 1416 4184; x_wconf 75' lang='lat' dir='ltr'>ltonui</span> 
     </span>
     <span class='ocr_line' id='line_1_33' title="bbox 301 4207 1417 4282; baseline 0.006 -21"><span class='ocrx_word' id='word_1_268' title='bbox 301 4207 423 4262; x_wconf 73' lang='lat' dir='ltr'>modoi&#39;</span> <span class='ocrx_word' id='word_1_269' title='bbox 523 4208 557 4263; x_wconf 80' lang='lat'>14</span> <span class='ocrx_word' id='word_1_270' title='bbox 574 4208 717 4264; x_wconf 73' lang='lat' dir='ltr'>salamandr</span> <span class='ocrx_word' id='word_1_271' title='bbox 735 4211 793 4263; x_wconf 89' lang='grc' dir='ltr'>ΣΠ</span> <span class='ocrx_word' id='word_1_272' title='bbox 894 4214 928 4268; x_wconf 83' lang='lat' dir='ltr'>lb</span> <span class='ocrx_word' id='word_1_273' title='bbox 948 4212 1089 4267; x_wconf 62' lang='lat' dir='ltr'>amentiam</span> <span class='ocrx_word' id='word_1_274' title='bbox 1111 4214 1182 4280; x_wconf 71' lang='grc' dir='ltr'>Σφ“</span> <span class='ocrx_word' id='word_1_275' title='bbox 1285 4214 1318 4268; x_wconf 89' lang='grc'>16</span> <span class='ocrx_word' id='word_1_276' title='bbox 1339 4228 1417 4282; x_wconf 74' lang='lat' dir='ltr'>quae·</span> 
     </span>
     <span class='ocr_line' id='line_1_34' title="bbox 301 4293 1416 4370; baseline 0.004 -23"><span class='ocrx_word' id='word_1_277' title='bbox 301 4294 405 4347; x_wconf 83' lang='lat' dir='ltr'>aierunt</span> <span class='ocrx_word' id='word_1_278' title='bbox 421 4293 537 4360; x_wconf 68' lang='lat' dir='ltr'>sinope</span> <span class='ocrx_word' id='word_1_279' title='bbox 548 4294 598 4349; x_wconf 90' lang='lat' dir='ltr'>Pr.</span> <span class='ocrx_word' id='word_1_280' title='bbox 685 4296 718 4350; x_wconf 85' lang='lat'>19</span> <span class='ocrx_word' id='word_1_281' title='bbox 736 4298 868 4366; x_wconf 88' lang='lat' dir='ltr'>aeoiperat</span> <span class='ocrx_word' id='word_1_282' title='bbox 884 4298 924 4349; x_wconf 78' lang='grc' dir='ltr'>Πι</span> <span class='ocrx_word' id='word_1_283' title='bbox 1015 4298 1049 4353; x_wconf 74' lang='lat'>22</span> <span class='ocrx_word' id='word_1_284' title='bbox 1067 4298 1131 4370; x_wconf 81' lang='lat' dir='ltr'>qna]</span> <span class='ocrx_word' id='word_1_285' title='bbox 1149 4314 1200 4368; x_wconf 85' lang='lat' dir='ltr'>que</span> <span class='ocrx_word' id='word_1_286' title='bbox 1218 4300 1244 4352; x_wconf 89' lang='lat'><em>0</em></span> <span class='ocrx_word' id='word_1_287' title='bbox 1330 4300 1364 4355; x_wconf 72' lang='grc'>11</span> <span class='ocrx_word' id='word_1_288' title='bbox 1378 4298 1416 4351; x_wconf 85' lang='lat' dir='ltr'>bii</span> 
     </span>
     <span class='ocr_line' id='line_1_35' title="bbox 301 4378 445 4432; baseline 0.014 -2"><span class='ocrx_word' id='word_1_289' title='bbox 301 4380 330 4430; x_wconf 86' lang='grc' dir='ltr'><strong><em>Σ</em></strong></span> <span class='ocrx_word' id='word_1_290' title='bbox 359 4378 445 4432; x_wconf 85' lang='lat' dir='ltr'>hiaO</span> 
     </span>
    </p>
   </div>
   <div class='ocr_carea' id='block_1_7' title="bbox 0 0 1550 4967">
    <p class='ocr_par' dir='ltr' id='par_1_8' title="bbox 0 0 1550 4967">
     <span class='ocr_line' id='line_1_36' title="bbox 0 0 1550 4967; baseline 0 1"><span class='ocrx_word' id='word_1_291' title='bbox 0 0 1550 4967; x_wconf 95' lang='lat' dir='ltr'> </span> 
     </span>
    </p>
   </div>
  </div>
 </body>
</html>
