3092 4967
494 471 656 580 coercere
681 488 915 553 xxiiim-21.
982 449 985 454 ¹
1204 492 1264 558 ott

140 681 243 744 multo
273 683 379 744 autem
410 679 522 744 iustius
553 681 599 743 est
629 681 666 743 ut
692 697 762 743 cum
788 679 846 744 hac
868 681 969 744 cordis
992 679 1184 759 humilitate,
1207 698 1269 763 qua

140 783 297 846 credimus
326 785 357 845 et
386 783 523 846 latemur
546 781 602 846 illa
628 784 824 846 sacrosancta
846 784 996 866 mysteria
1018 803 1188 867 numquam
1212 801 1267 864 pro

140 888 324 950 meritorios
341 903 430 967 posse
446 886 637 967 contingere,
655 885 789 968 singulis
804 903 842 948 ea
856 885 1021 951 dominicis
1037 887 1075 949 ob
1091 886 1267 951 remedium

141 989 319 1053 nostrarum
349 987 581 1071 aegritudinum
612 1005 859 1069 praesumamus,
890 1007 983 1070 quem
1018 993 1053 1053 ut
1086 1007 1169 1053 uana
1197 1008 1265 1070 per-

119 1092 283 1156 esuasione
305 1092 404 1156 cordis
428 1089 500 1155 elati
524 1093 575 1155 uel
598 1095 667 1172 post
698 1109 812 1156 annum
840 1091 949 1174 dignos
972 1109 1078 1157 eorum
1100 1093 1265 1175 participio

140 1213 194 1258 ntis
218 1212 282 1258 esse
305 1193 475 1258 credamus.
507 1196 692 1276 quapropter
708 1202 743 1257 ut
759 1195 836 1258 haec
863 1195 1044 1278 intellegere
1060 1198 1094 1260 et
1108 1196 1295 1262 fructuose3

139 1301 247 1361 tenere
270 1298 434 1378 possimus,
458 1297 703 1362 misericordiam
730 1298 858 1377 domini,
883 1299 918 1364 ut
939 1316 995 1362 nos
1017 1301 1055 1362 ad
1078 1298 1266 1380 perficienda

138 1399 216 1464 haec
246 1399 382 1476 adiuuet,
414 1401 568 1464 adtentius
600 1399 802 1482 inploremus,
833 1419 912 1483 quae
942 1419 1139 1483 nequaqnam
1161 1401 1207 1465 ita
1229 1404 1266 1465 nt

138 1507 260 1567 ceterae
283 1502 436 1567 humanae
460 1505 542 1568 artes
564 1505 767 1586 praecedente
791 1504 927 1588 quadam
949 1505 1071 1568 rollone
1088 1503 1264 1583 uerborum,

104 1609 192 1674 used
224 1608 297 1670 actu
326 1607 430 1688 potins
461 1609 493 1669 et
523 1607 711 1688 experientia
740 1611 909 1688 praeeunte
931 1607 1105 1685 discuntur,
1129 1626 1266 1690 quaeque

137 1727 265 1773 rursum
289 1709 349 1774 nisi
372 1711 439 1774 tam
462 1709 687 1776 conlationibus
710 1710 900 1793 spiritalium
924 1711 1062 1775 uirorum
1088 1712 1266 1792 frequenter

137 1811 317 1876 examinata
352 1812 467 1878 fuerint
501 1817 533 1877 et
565 1814 664 1896 polita
697 1831 792 1896 quam
823 1814 1018 1879 documentis
1049 1816 1081 1879 et
1107 1814 1264 1880 cotidiana

136 1915 329 1995 experientia
365 1916 497 1981 sollicite
535 1916 699 1994 uentilata,
733 1921 787 1982 aut
826 1917 1023 1982 obsolescunt
1056 1918 1175 1982 incuria
1208 1921 1264 1980 aut

135 2018 238 2082 otiosa
260 2017 416 2084 obliuione
439 2019 616 2102 depereunt.

187 2309 205 2362 2
228 2311 320 2362 sancta
345 2305 368 2361 0
397 2311 589 2362 sacrosanctam
613 2309 653 2362 K¹
757 2309 879 2363 misteria
896 2308 949 2363 ΒΟ
1050 2307 1263 2376 4persnesione]

134 2395 317 2466 presumtione
343 2394 366 2448 0
485 2397 502 2449 5
529 2395 670 2464 participio
695 2396 792 2451 OK’o:
823 2394 997 2463 participium
1018 2393 1059 2448 K*
1089 2394 1263 2462 participatio
1346 2464 1351 2472 ὁ

138 2487 180 2541 B¹
212 2483 418 2552 participatione
443 2481 513 2535 Bm*
595 2483 612 2536 6
639 2482 756 2550 intellig.
786 2481 811 2536 0
897 2481 929 2534 12
955 2495 1037 2550 qnam
1062 2481 1144 2534 etiam
1171 2479 1196 2534 0

133 2570 230 2627 cottid.
254 2569 286 2622 K
388 2570 422 2624 14
444 2569 594 2636 depereunt.
623 2567 741 2636 Explicit
763 2567 872 2620 abbatie
895 2567 1010 2621 theonae
1032 2572 1090 2632 (·ne
1107 2565 1173 2631 BF)
1201 2581 1263 2620 con·

133 2657 203 2713 latio
226 2656 308 2708 tertia
333 2653 411 2723 (-111·
440 2653 507 2708 FK:
537 2652 568 2707 de
592 2652 815 2708 anamarthethon
838 2651 902 2707 cdd.
927 2651 994 2717 BF)
1028 2650 1130 2722 Incipit
1156 2651 1262 2706 abbatie

133 2749 200 2828 (aio
219 2760 251 2813 dc
270 2761 308 2829 B)
332 2759 447 2814 abrahae
466 2759 580 2812 conlatio
606 2759 732 2826 (conlatio
751 2757 858 2814 abbatis
875 2756 1019 2812 abbraham
1038 2757 1078 2825 K)
1099 2757 1132 2811 de
1149 2757 1261 2811 mortifi-

132 2849 239 2901 catione
257 2843 346 2900 BFK
377 2843 494 2914 Explicit
512 2845 628 2899 conlatio
647 2844 753 2898 abbatis
771 2846 868 2899 theone
886 2846 918 2898 de
936 2845 1117 2898 anamarteeis.
1141 2844 1263 2898 &relatio

133 2934 242 2988 abbatie
265 2931 394 2986 abraham
421 2932 452 2985 de
476 2931 680 2985 mortificatione
706 2931 729 2986 Ο
769 2931 907 3001 Incipiunt
929 2931 1048 3001 eapItnla
1071 2931 1130 2985 BF
1159 2929 1263 2998 Incipit

132 3019 256 3088 capitulo
273 3018 389 3072 eiusdem
411 3019 434 3074 0
468 3019 679 3086 Capitulctiones
698 3017 729 3072 K
