3092 4967
307 470 373 537 420
480 513 486 522 .
688 467 866 522 iohannis
884 465 1043 522 Cassiani

297 664 425 725 ⁴terram
454 656 625 741 subigendo
655 656 832 740 confringat
861 659 916 722 aut
945 657 1085 722 eaenosis
1113 655 1286 722 libidinum
1308 675 1427 722 suarum

307 761 429 844 polluat
460 758 661 826 uolutabris?
693 759 748 825 fiet
782 759 874 836 enim,
909 763 944 824 ut
978 760 1010 825 id
1041 757 1122 842 quod
1155 761 1239 824 reete
1271 762 1427 826 utentibus

308 866 410 932 deeori
447 884 513 930 esse
551 865 714 929 consueuit
745 881 807 928 non
842 866 944 930 solum
975 864 1053 929 istos
1087 881 1196 928 ornare
1231 882 1293 929 non
1326 865 1427 946 possit,

307 989 418 1035 nerum
448 969 545 1033 etiam
573 968 700 1033 maioris
730 967 819 1034 oaeni
857 967 1040 1032 conluuione
1080 967 1249 1032 sordescat.
1294 987 1338 1032 ex
1369 985 1428 1032 ore

307 1073 391 1140 enim
415 1072 636 1156 peccatoris
659 1090 733 1137 non
756 1076 814 1138 est
844 1071 1007 1157 pulehra
1027 1072 1220 1151 laudatio,
1243 1069 1293 1135 oui
1318 1070 1457 1136 dicituro

305 1197 359 1261 per
373 1175 571 1260 prophetam:
589 1195 710 1259 quare
725 1176 766 1241 tu
783 1195 946 1242 enarras
968 1174 1298 1240 iustifieationes
1314 1193 1428 1254 meas,

276 1278 343 1346 6et
377 1279 552 1345 adsumis
585 1280 869 1345 testamentum
901 1297 1023 1344 meum
1056 1296 1125 1360 per
1158 1296 1196 1342 os
1229 1277 1365 1342 tuum?
1394 1277 1428 1341 de

306 1384 482 1450 huiusmodi
519 1383 693 1460 animabus,
738 1402 817 1467 qnae
853 1400 1048 1465 nequaquam
1092 1380 1251 1447 stabiliter
1289 1385 1429 1446 timorem

305 1489 423 1555 domini
454 1487 644 1572 possidentes
676 1485 728 1568 (de
750 1506 811 1570 quo
841 1487 974 1552 dieitur:
996 1485 1115 1562 timor
1138 1483 1292 1550 domini
1315 1483 1429 1548 disai-

305 1592 414 1675 plina
437 1598 474 1656 et
495 1592 700 1673 sapientia
722 1591 797 1676 est)
820 1590 1045 1673 seripturarum
1068 1588 1230 1671 adquirere
1254 1607 1382 1654 sensnm
1396 1587 1458 1650 deo

304 1695 372 1780 iugi
400 1714 507 1760 earum
535 1693 738 1761 meditatione
768 1695 931 1770 donantur,
953 1694 1029 1760 satis
1051 1693 1174 1777 proprie
1197 1692 1228 1756 in
1252 1690 1430 1756 Prouerbiis

306 1801 512 1863 memoratur:
549 1799 591 1863 ut
635 1797 727 1882 quid
769 1799 933 1864 fuerunt
976 1795 1150 1862 diuitiae
1195 1794 1430 1878 insipienti?

305 1900 508 1983 possidere
539 1902 641 1966 enim
672 1901 912 1983 sapientiam
941 1917 1077 1966 ereors
1107 1918 1179 1965 non
1201 1900 1366 1980 poterit.
1402 1897 1430 1962 in

306 2006 431 2070 tantum
464 2023 538 2070 uero
572 2003 612 2071 ab
646 2002 702 2069 illa
734 2005 909 2071 eruditione
946 2003 1107 2079 saeculari,
1145 2020 1222 2085 quae
1259 1999 1431 2066 carnalium

305 2107 455 2174 uitiorum
478 2107 568 2174 sorde
590 2108 751 2190 polluitur,
775 2127 852 2174 uera
877 2108 952 2174 haee
975 2108 1007 2171 et
1029 2106 1183 2189 spiritalis
1205 2105 1343 2171 seientia
1363 2104 1459 2170 sub-s

306 2215 460 2289 monetur,
482 2213 520 2275 ut
541 2229 610 2276 eam
632 2212 667 2277 in
689 2211 848 2277 nonnullis
874 2209 1054 2294 elinguibus
1077 2227 1113 2274 aa
1135 2227 1233 2292 paene
1247 2207 1430 2274 inlitteratis

278 2313 442 2380 laetamus
457 2333 692 2398 nonnumquam
706 2314 937 2380 admirabiliter
952 2313 1101 2398 uiguisse.
1135 2314 1216 2395 quod
1232 2313 1266 2377 in
1283 2312 1431 2395 apostolis
1521 2301 1522 2330 ¹

305 2418 477 2500 multisque
507 2417 603 2484 etiam
630 2417 749 2490 sanetis
779 2417 859 2482 uiris
882 2415 1115 2483 euidentissime
1139 2415 1431 2499 conprobatur,·qui

304 2539 365 2586 non
398 2521 485 2586 inani
514 2521 661 2586 foliorum
690 2520 905 2586 dilatabantur
932 2519 1068 2600 luxuria,
1096 2519 1151 2584 sed
1173 2520 1257 2584 ueris
1280 2519 1430 2600 spiritalis

304 2624 454 2690 seientiae
475 2623 631 2690 frnalibus
655 2623 883 2690 euruabantm=
906 2625 944 2690 de
966 2623 1078 2706 quibus
1101 2621 1135 2688 in
1156 2622 1292 2688 notibus
1307 2626 1459 2705 aposto-a

304 2729 407 2792 lorum
422 2728 573 2809 seriptum
589 2729 647 2793 est:
671 2727 855 2793 uidentes
878 2728 1009 2794 autem
1030 2727 1145 2794 Petri
1161 2727 1432 2792 eonstantiam

304 2831 343 2896 et
364 2830 569 2914 lobannis,
592 2831 630 2895 et
651 2831 839 2914 rouperto
862 2830 962 2912 quod
985 2828 1165 2894 homines
1188 2830 1328 2894 essent
1351 2829 1432 2894 sine
1521 2859 1522 2915 p

303 2933 463 3000 litteris
492 2937 530 2999 et
557 2935 725 3013 idiotae,
755 2934 1067 3000 admirabantur.
1104 2936 1136 2998 et
1167 2932 1286 2998 ideireo
1316 2933 1346 2997 si
1375 2931 1432 2998 tibi
1521 2917 1522 3010 l

304 3055 395 3102 eurae
435 3039 484 3102 est
519 3040 558 3102 ad
595 3036 661 3102 eius
698 3036 981 3104 inmareesoibilem
1017 3035 1225 3120 fragrantiam
1261 3035 1433 3120 peruenire,

304 3142 426 3206 eunetis
459 3140 597 3222 primum
630 3140 796 3207 uenatibus
827 3141 966 3218 elabora,
996 3143 1032 3206 ut
1058 3160 1077 3206 a
1107 3140 1233 3205 domino
1262 3139 1463 3220 puritatems
1521 3147 1522 3236 p

276 3240 459 3309 8oastitatis
503 3245 653 3311 obtineas.
697 3245 804 3310 nullus
841 3245 925 3310 enim
962 3244 995 3312 in
1027 3263 1088 3327 quo
1122 3243 1223 3309 adhue
1260 3241 1434 3309 carnalium
1521 3247 1522 3308 l

306 3531 339 3585 12
355 3530 432 3586 prov.
453 3533 493 3599 rr,
513 3533 545 3586 ro
564 3533 659 3601 (axx)
761 3532 794 3588 ar
814 3533 916 3597 seta,
937 3534 970 3587 13

1521 3675 1522 3732 l

405 3447 497 3500 asir.
522 3448 599 3515 15,9
702 3446 902 3512 6114116
1005 3446 1367 3516 9P10v.15,aa(nxx)

357 3722 517 3777 lconirieet
533 3725 572 3791 (oe
588 3725 620 3778 in
637 3739 693 3778 rae.
711 3725 790 3787 ma)
808 3725 834 3774 Τ
934 3725 1036 3777 cenosis
1053 3724 1141 3777 HYO
1242 3724 1434 3779 deordaseant

304 3810 330 3859 ‘P
428 3809 446 3862 b
469 3812 604 3878 peccatore
626 3811 654 3860 Σ
756 3810 849 3878 pulcra
868 3809 893 3860 Ο
994 3809 1011 3864 6
1034 3809 1100 3878 prof.
1124 3809 1154 3860 Π
1256 3809 1321 3864 lde
1342 3810 1436 3864 huius·
1521 3819 1522 3834 ¹

304 3893 375 3946 modi
387 3931 478 3947 ......
495 3895 527 3948 13
550 3911 604 3948 non
628 3894 728 3964 poterit
751 3912 803 3950 om.
828 3894 853 3948 Ο
955 3895 989 3950 10
1016 3897 1108 3949 seribt.
1135 3898 1162 3949 d·
1262 3895 1293 3950 ll
1322 3899 1435 3951 sonatur

304 3981 332 4030 Σ
436 3981 468 4032 12
491 3981 649 4049 profuerunt
672 3983 698 4033 ‘P
800 3981 832 4035 13
855 3983 951 4052 exsors]
975 3982 1061 4037 cordis
1085 3983 1111 4034 i'
1213 3982 1247 4036 14
1267 3983 1343 4052 nero]
1364 3981 1434 4037 enirn

304 4067 330 4117 Y
430 4068 506 4137 qnae]
524 4068 571 4136 qni
587 4069 627 4120 Π·
730 4069 764 4122 15
786 4071 971 4123 summouetur
991 4069 1021 4120 Π
1095 4110 1099 4118 t
1124 4071 1156 4126 16
1173 4068 1322 4124 inliteratis
1343 4072 1371 4122 Τ

305 4152 337 4204 11
364 4153 569 4207 ammirabiliter
595 4156 623 4205 Σ
735 4155 768 4209 18
795 4156 851 4224 qui]
879 4156 942 4223 quia
968 4156 1007 4207 11¹
1118 4157 1150 4211 19
1177 4157 1295 4210 filiorum
1323 4155 1374 4218 ΠΙΙ

304 4239 336 4291 ‘21
360 4237 490 4292 scribtum
511 4240 539 4291 Y
637 4239 671 4294 22
696 4243 723 4294 et
739 4247 806 4296 mole
823 4244 948 4309 conperto
971 4257 1021 4296 om,
1043 4243 1070 4294 Y
1170 4242 1204 4296 23
1224 4241 1314 4296 literis
1341 4244 1370 4294 Y

304 4323 408 4378 ideotee
419 4325 458 4375 ΠΙ
539 4331 604 4393 poet
615 4325 817 4382 admirabantur
828 4326 968 4396 toOeop.
980 4331 1016 4383 17
1026 4328 1127 4396 insipit
1213 4327 1322 4382 240ura
1335 4329 1367 4380 Σ

304 4411 474 4480 flagrantiam
493 4413 585 4465 ΣΠῬ
611 4414 740 4482 implent.
760 4414 786 4467 Ο
877 4415 911 4470 26
928 4415 1049 4485 optineat
1068 4417 1127 4468 Zl'
1153 4416 1265 4485 aeaipias
1282 4415 1311 4466 Π
