3092 4967
318 450 382 519 656
715 445 881 503 Iohannis
898 443 1059 501 cassiani

320 638 420 705 erunt.
457 655 531 703 nam
553 636 653 702 simili
673 635 849 719 proditione
879 635 1023 701 detectus
1047 638 1143 717 atque
1164 636 1205 701 ad
1225 634 1434 701 monmtorium

320 760 413 809 suurn
435 758 507 807 cum
528 738 652 825 ingenti
675 736 913 806 honorificentia
932 754 971 805 ae
992 737 1085 803 lande
1106 740 1271 804 reuocatus
1293 741 1349 805 eet.

363 862 406 927 11.
442 860 521 928 Oum
565 860 664 945 igitur
706 862 778 943 post
811 878 872 925 non
909 860 1040 943 longum
1076 863 1201 942 tempus
1237 876 1293 925 nos
1327 877 1435 943 quoquo

318 965 500 1051 Aegyptum
522 966 629 1050 petere
650 968 777 1029 sanctae
798 963 1008 1031 institutionis
1038 963 1226 1030 desiderium
1248 964 1435 1046 conpulere,

318 1088 441 1137 summo
464 1088 536 1136 oum
551 1068 718 1134 effectuae
735 1068 890 1134 desiderio
915 1069 1132 1152 perquirentes
1146 1068 1239 1134 tanta
1259 1066 1327 1135 eius
1340 1082 1462 1134 sumus⁸

317 1174 423 1258 gratia
452 1176 546 1256 atque
574 1172 773 1238 humanitate
797 1170 943 1256 suscepti,
973 1174 1010 1237 ut
1034 1189 1090 1237 nos
1112 1174 1276 1254 umquam
1298 1171 1435 1255 pristinos

317 1277 497 1360 syncellitas
519 1276 615 1342 otiam
630 1275 760 1341 cellulae
775 1293 859 1354 suae,
882 1293 975 1359 quam
990 1275 1024 1339 in
1040 1276 1181 1341 extrema
1195 1274 1280 1340 horti
1295 1276 1343 1339 sui
1356 1276 1434 1357 parte
1515 1349 1516 1354 ἵ

287 1380 541 1464 2construxerat,
572 1379 737 1445 honoraret
765 1378 910 1461 hospitio.
942 1379 995 1445 uhi
1025 1394 1099 1443 curn
1123 1378 1202 1444 satis
1231 1377 1331 1444 ardua
1351 1380 1435 1460 atque
1515 1433 1516 1440 ,

316 1483 473 1569 praecelsa
504 1483 627 1549 cuidam
660 1469 760 1549 iratri'
779 1481 964 1547 monasterii
993 1482 1136 1566 regulam
1166 1481 1315 1548 subeunti
1343 1498 1436 1547 coram

316 1586 460 1653 omnihus
493 1588 526 1652 in
559 1586 667 1670 synaxi
700 1585 850 1652 fratribus
880 1586 1047 1668 praecepta
1078 1585 1272 1669 tradidisset,
1306 1603 1383 1669 quae
1408 1584 1461 1650 ine

316 1692 427 1775 quarto
448 1691 486 1757 ut
507 1690 642 1755 diximus
671 1686 907 1755 institutionum
935 1687 1019 1754 libro
1040 1691 1160 1771 quanta
1180 1688 1269 1773 potui
1293 1689 1436 1756 breuitate

317 1794 483 1878 conplexus
517 1812 598 1872 eum,
632 1795 698 1857 tam
732 1791 1052 1877 inconprehensibilis
1083 1793 1182 1872 nobis,
1216 1795 1286 1859 tana
1314 1794 1436 1860 mirifica

316 1916 409 1964 uerae
442 1894 728 1963 abrenuntiationis
762 1895 903 1961 culmina
933 1893 1134 1972 uidebantur,
1169 1897 1207 1962 nt
1238 1896 1434 1964 nullomodo

315 2001 394 2066 illuc
429 1999 644 2066 humilitatem
688 2000 827 2065 nostram
870 2000 1066 2065 crederemus
1105 2015 1196 2082 posse
1232 2000 1434 2066 conscendere

284 2104 414 2188 digitur
436 2104 650 2187 desperatione
671 2103 784 2168 deiecti
806 2107 838 2167 et
859 2102 927 2186 ipso
957 2103 1055 2169 etiam
1076 2103 1169 2169 uultu
1190 2102 1339 2169 intimem
1358 2104 1459 2188 eegr-u

315 2207 472 2273 tationem
502 2204 745 2273 amaritudinem
774 2224 836 2271 uon
865 2204 1003 2272 colantes
1029 2205 1071 2272 ed
1091 2205 1220 2273 beatum
1242 2224 1350 2272 senem
1368 2208 1433 2271 ntis
1515 2247 1516 2256 κ

315 2310 407 2377 anxis
427 2312 534 2377 mento
555 2311 802 2377 recucurrimns:
829 2310 881 2375 cui
895 2311 1039 2392 protinus
1053 2327 1180 2375 cansam
1194 2312 1306 2376 tantm
1321 2308 1433 2377 maeti-
1515 2307 1516 2350 ³

315 2414 433 2481 tudinis
466 2412 638 2497 inquirenti
671 2412 755 2479 abha
788 2410 964 2479 Germanus
995 2414 1136 2498 grauiter
1163 2416 1373 2499 ingemesoem
1393 2413 1433 2477 its

314 2518 485 2601 respondit.

357 2620 417 2689 111.
438 2618 562 2701 Quanto
584 2619 836 2705 magnificentior
857 2624 952 2704 atque
974 2619 1142 2687 sublimior
1162 2620 1343 2706 incognitae
1355 2617 1459 2684 nothe

314 2740 416 2789 sermo
449 2723 607 2789 doctrinae
639 2724 700 2790 iter
733 2723 867 2789 arduum
902 2722 1170 2806 praecelsissimae
1203 2720 1433 2789 renuntiationis

313 2826 437 2909 aperuit
459 2828 491 2891 ot
512 2825 603 2909 quasi
625 2829 746 2893 remota
761 2827 921 2892 oculorum
935 2828 1115 2891 nostrorum
1129 2826 1266 2909 caligine
1284 2825 1432 2894 conditum

313 2929 400 2996 caelo
429 2930 495 2995 eius
524 2931 649 2997 culmen
679 2931 829 3007 ostendit,
858 2933 950 2995 tanto
976 2929 1094 2996 maiore
1116 2929 1341 3014 desperationis
1360 2927 1432 2995 mols

314 3031 531 3115 deprimimur.
579 3035 814 3101 inmensitatem
857 3033 1014 3117 siquidem
1055 3032 1123 3099 eius
1166 3049 1241 3098 cunr
1276 3031 1432 3116 exignihts
1515 3091 1516 3094 ,

313 3138 491 3203 noshamm
507 3134 624 3203 uirium
640 3138 805 3203 metientes
819 3140 853 3201 et
867 3136 1001 3202 nimiam
1024 3134 1236 3203 humilitatem
1252 3135 1456 3221 ignorantes

313 3242 439 3305 noemae
467 3256 538 3306 cum
567 3238 692 3305 infinita
719 3239 850 3305 uirtutis
878 3240 1022 3305 esurisse
1043 3239 1232 3306 celsitudine
1254 3239 1431 3305 conferentes
1515 3305 1516 3308 ,

312 3340 501 3425 parcitatem
533 3346 673 3409 nostram
702 3358 765 3409 non
790 3341 893 3408 solum
915 3343 956 3408 ad
977 3342 1068 3409 illam
1090 3359 1154 3409 non
1174 3358 1265 3426 posse
1286 3341 1430 3426 protere,
1515 3329 1516 3416 J

415 3529 447 3584 11
465 3542 524 3597 cap.
540 3526 645 3584 aa-ae

365 3696 562 3755 redono
665 3697 848 3753 exerrare·
869 3696 1428 3771 memqnumemenpenner
1515 3681 1516 3714 l

314 3781 393 3853 Odor
422 3788 453 3839 aa
474 3784 602 3851 ettinet.
623 3782 819 3852 fflhdlfie.
934 3783 1121 3854 dQuan
1233 3786 1347 3858 queam]
1370 3797 1426 3854 qnos

311 3866 371 3923 BF
467 3868 654 3940 ityncillitas
672 3868 731 3926 BF
755 3870 941 3927 dnocmtuo
1035 3870 1179 3927 norw
1207 3873 1305 3931 ortio
1390 3865 1428 3924 sni
1515 3871 1516 3874 ’

312 3970 363 4012 om.
384 3955 449 4027 Ode
546 3955 681 4011 10sinaxi
700 3956 781 4015 ΒΘΖ
875 3958 1108 4027 11prredirimes
1126 3958 1193 4030 Ode
1284 3960 1317 4016 12
1332 3960 1427 4026 tempas

310 4042 426 4098 mirifica
454 4041 521 4112 Ode
632 4042 666 4097 14
691 4042 803 4101 illico
841 4073 844 4086 ·
913 4046 949 4101 ld
973 4044 1154 4115 diffindens
1180 4045 1268 4103 1³¹0.
1348 4044 1425 4114 ipsu

309 4130 352 4187 rc
440 4130 472 4185 ra
490 4130 651 4185 renuimus
670 4130 737 4201 ooo
828 4133 861 4188 re
878 4131 962 4189 aaut
978 4132 1068 4189 mco
1152 4134 1188 4190 ar
1205 4131 1425 4205 pandam·
1515 4115 1516 4198 ξ

313 4217 336 4273 O
445 4216 481 4272 23
509 4214 697 4285 disperatione
723 4216 826 4274 ΒίΟΖι
936 4219 972 4275 24
997 4219 1178 4292 deprimamur
1201 4220 1234 4277 F
1264 4217 1425 4289 deprcnimr
1515 4263 1516 4270 r

310 4302 352 4357 K'
454 4316 539 4372 quam
564 4301 588 4358 0
688 4303 724 4359 25
749 4304 936 4361 humilitatem
963 4305 1134 4375 urendas
1160 4305 1230 4364 Rha
1264 4303 1423 4363 &uetiam
1515 4315 1516 4318 ’

310 4390 437 4459 inseriae
455 4388 523 4459 Ode
624 4388 804 4460 acquumo
904 4392 1063 4463 h'lilladr
1515 4385 1516 4418 ¹
