3092 4967
281 458 344 524 114
672 452 839 509 Iohannis
859 449 1017 509 Cassiani

279 644 464 731 contagione
486 643 603 710 carnali
618 643 659 709 ad
673 642 794 709 fontem
809 658 901 709 nome
915 640 1141 726 purilioationis
1157 657 1194 705 au
1208 639 1407 723 perfectionis

280 748 405 813 eulmen
425 748 609 831 quandoque
631 750 822 830 oonpunotus
844 745 993 811 adourret
1015 747 1047 809 et
1069 744 1253 810 honesmns
1267 742 1359 809 illum
1373 742 1408 809 in

279 869 340 935 quo
369 852 417 917 est
444 848 643 917 infidelitatis
669 847 901 932 gelidissimum
923 848 1042 914 statum
1063 846 1193 931 spiritus
1214 848 1323 913 ardore
1337 863 1409 912 suo-

248 954 389 1021 doenaus
411 953 452 1020 ad
472 953 694 1037 perfectionem
716 951 840 1019 moinus
863 949 1056 1018 conuolabit.
1095 951 1246 1033 namqui
1261 948 1358 1016 semel
1371 953 1407 1015 ut

280 1056 416 1123 diximus
441 1056 548 1143 tepido
575 1074 700 1123 exorsus
721 1056 815 1122 initio
844 1054 990 1121 monaehi
1012 1055 1114 1137 eoepit
1136 1054 1225 1122 abuti
1246 1051 1438 1131 uooabulo‚s
1540 1124 1541 1129 ,

277 1178 337 1225 neo
364 1164 470 1227 tamen
499 1159 680 1227 humilitate
707 1178 744 1226 ao
770 1158 893 1226 feruore
922 1178 983 1244 quo
1008 1158 1117 1225 debuit
1138 1160 1200 1225 iter
1222 1157 1315 1224 huius
1336 1174 1408 1240 pro-

279 1262 424 1329 fessionis
447 1262 595 1347 adripuit,
625 1261 764 1328 iniectus
793 1262 893 1329 semel
913 1261 973 1329 hau
995 1261 1168 1329 miserabili
1188 1261 1242 1327 luo
1262 1262 1295 1325 et
1316 1261 1350 1326 iu
1371 1278 1409 1327 ea

279 1365 505 1449 quodammodo
519 1366 676 1432 resolutus
689 1383 748 1432 neo
762 1384 799 1431 er
820 1384 887 1431 sese
909 1365 1047 1431 ulterius
1069 1364 1208 1448 perlaeta
1221 1382 1327 1449 sapore
1350 1383 1407 1431 neo

280 1469 409 1537 alterim
430 1470 549 1554 poterit
575 1470 704 1536 monitis
733 1468 861 1537 erudiri.
900 1469 979 1535 dioit
1001 1468 1086 1535 enim
1109 1470 1142 1533 in
1164 1468 1256 1535 eorde
1279 1484 1335 1533 suo
1356 1486 1406 1533 ne-

278 1575 416 1641 oundum
451 1574 541 1641 illam
576 1574 696 1639 domini
732 1572 939 1640 seutentiamt
977 1574 1068 1656 quia
1104 1573 1214 1638 diues
1250 1589 1334 1637 sum
1370 1574 1443 1643 eto

247 1675 461 1760 dloouplos
482 1678 522 1742 et
544 1675 699 1742 nullius
721 1694 825 1759 egeo.
863 1678 914 1743 oui
934 1675 1015 1742 illud
1043 1694 1165 1759 quoque
1193 1674 1274 1763 quod
1301 1675 1408 1741 subse-

277 1780 386 1863 quitnr
422 1780 644 1863 consequenter
680 1780 856 1863 aptabitur:
894 1783 936 1845 tu
972 1784 1105 1846 eutem
1142 1798 1181 1845 es
1214 1779 1338 1845 miser
1369 1782 1410 1843 ot
1532 1825 1538 1848 .

277 1883 522 1950 miserabilis
543 1884 581 1950 et
602 1901 751 1965 pauper
772 1884 811 1947 et
834 1901 974 1951 osseus
997 1888 1035 1949 ut
1050 1883 1191 1950 nudus:
1207 1885 1241 1949 in
1256 1902 1291 1950 eo
1306 1884 1410 1951 iaetus
1534 1891 1539 1942 ἱ

276 1986 375 2053 etiarn
397 1986 550 2053 saeuulani
572 1985 716 2065 deterior,
739 1986 822 2070 qnod
844 2005 902 2052 neo
923 1987 1074 2053 miserum
1096 2006 1129 2052 se
1152 2006 1209 2053 nso
1230 2005 1357 2053 oaeoum
1371 2003 1411 2051 ao

277 2092 397 2156 nudum
427 2090 485 2156 aut
516 2089 732 2155 emendatione
760 2090 890 2173 dignum
918 2091 970 2155 uel
999 2110 1090 2175 egere
1116 2090 1246 2157 monitis
1275 2090 1445 2159 alieuiusrs

278 2194 334 2257 aut
355 2192 557 2259 institutione
579 2193 738 2277 eognosoit
759 2196 791 2258 et
812 2193 852 2259 ob
875 2195 933 2259 hoo
955 2212 994 2259 ne
1016 2193 1265 2261 exhortationem
1281 2195 1410 2277 quidam

277 2296 376 2362 ullam
404 2297 494 2363 uerbi
522 2296 671 2363 salutarie
698 2296 853 2381 admittit,
879 2316 939 2363 uon
962 2298 1149 2383 intellegens
1171 2298 1240 2381 ipso
1261 2297 1412 2364 monaehi

277 2402 463 2467 eonomine
490 2401 693 2485 praegrauari
722 2420 758 2467 ao
786 2402 921 2485 deprimi
948 2402 1091 2486 opinione
1119 2404 1313 2482 tunctorum,
1346 2421 1412 2487 qua

278 2503 353 2568 dum
375 2505 515 2570 ereditur
535 2506 575 2569 ab
597 2506 745 2572 omnibus
766 2508 892 2573 sanutus
908 2511 940 2572 st
955 2508 1044 2573 uelut
1059 2507 1109 2574 dei
1126 2507 1266 2574 famulus
1281 2507 1411 2585 colitur,

277 2624 402 2672 neeesse
424 2609 475 2673 est
496 2608 590 2673 utin
611 2608 719 2675 futuro
744 2609 974 2675 uehementiori
996 2611 1109 2677 iuditio
1131 2628 1309 2696 poenaeque
1329 2610 1448 2677 sub-ao

248 2708 379 2775 idatur.
416 2714 573 2794 postremo
602 2712 677 2794 quid
705 2713 824 2779 diutius
853 2714 1049 2780 inmoramur
1076 2714 1110 2779 in
1140 2715 1189 2779 his
1216 2734 1295 2798 quae
1317 2714 1410 2781 nobis

277 2813 488 2895 experimento
503 2816 582 2881 eatis
596 2822 746 2901 oonperta
759 2822 836 2882 sunt
850 2834 888 2883 ao
902 2818 1056 2902 probata?
1071 2819 1253 2901 frequenter
1267 2818 1412 2885 uidimus

278 2916 317 2980 do
338 2916 462 3000 frigidis
484 2922 579 3002 atque
601 2920 788 2999 carnalibus,
810 2920 843 2986 id
866 2922 913 2985 est
936 2922 975 2985 do
997 2920 1208 2988 saeoularilus
1223 2940 1261 2989 ao
1274 2922 1412 3007 paganis

276 3022 316 3086 ad
337 3020 514 3104 spiritalem
534 3024 713 3105 peruenisse
735 3023 901 3102 feruorem,
924 3027 962 3090 de
977 3023 1092 3107 tepidis
1108 3026 1202 3108 atque
1217 3023 1414 3091 animalibus

274 3124 401 3191 omniuo
429 3144 491 3191 non
515 3126 662 3193 uidimus.
701 3146 777 3211 quos
798 3128 897 3195 etiam
924 3147 978 3212 per
1000 3130 1184 3212 prophetam
1206 3130 1253 3195 ita
1273 3130 1453 3213 legimuses

380 3338 606 3407 10spoo3,1'1
710 3342 780 3398 121.
798 3358 820 3396 o.

326 3530 345 3583 2
362 3531 487 3586 adcurret
503 3532 634 3589 D¹W¹O=
662 3534 783 3590 adcurrit
804 3534 981 3593 VWPX
1067 3540 1084 3593 3
1101 3554 1154 3608 qne
1171 3539 1212 3594 D¹
1300 3556 1415 3595 susoen-

276 3631 323 3669 sns
344 3615 368 3670 0
452 3618 471 3672 4
488 3619 645 3674 oonuolauit
660 3620 701 3675 D¹
787 3624 805 3677 5
822 3622 950 3677 uocabulo
968 3624 1010 3678 D¹
1097 3626 1114 3679 6
1133 3626 1205 3695 quod
1222 3625 1372 3693 D¹W¹Os

276 3703 349 3756 inter
365 3702 407 3756 D¹
505 3704 522 3757 ”1
542 3704 644 3776 aripuit
666 3708 704 3763 W
796 3708 857 3779 hae]
876 3724 907 3763 au
929 3710 969 3766 W
990 3726 1006 3765 a
1026 3710 1049 3766 O
1143 3712 1248 3767 laueO
1345 3714 1417 3769 See

277 3788 336 3843 PX
439 3792 456 3845 9
478 3792 591 3847 monitis
608 3795 709 3862 poterit
725 3796 767 3850 D¹
871 3798 975 3852 erudire
997 3796 1037 3853 Ι)1
1143 3800 1176 3855 10
1198 3800 1417 3855 sentententiam

281 3876 320 3930 W
419 3878 451 3931 ll
470 3878 590 3947 luouples
606 3879 636 3933 D
738 3883 767 3935 et
785 3884 904 3953 loeuples
920 3900 971 3940 om.
995 3886 1034 3941 W
1125 3902 1174 3955 ego
1197 3886 1242 3941 W¹
1341 3886 1417 3941 illut

280 3961 339 4017 WO
425 3964 459 4017 12
476 3968 648 4034 oonpotenter
665 3968 707 4022 D¹
736 3972 917 4039 oompetenter
934 3972 972 4026 W
1052 3972 1087 4027 13
1098 3972 1178 4027 nudis
1193 3972 1231 4029 W
1317 3972 1416 4027 laetum
1540 3992 1541 4023 ι

273 4064 303 4102 es
322 4049 360 4116 (es
377 4049 409 4103 iet
426 4054 470 4105 eet
486 4054 596 4121 matut.)
613 4054 695 4108 etiam
712 4055 743 4109 D
848 4056 882 4111 14
904 4058 944 4126 ae]
962 4062 1010 4113 aut
1032 4059 1063 4112 D
1166 4060 1199 4114 16
1222 4060 1361 4129 ooguuscit
1386 4058 1422 4113 V

275 4136 418 4203 cognoseat
428 4135 471 4190 1)Ι
553 4154 600 4193 nee
611 4138 669 4195 PX
749 4142 934 4197 exhortatione
951 4143 979 4197 V
996 4144 1188 4200 exortationem
1200 4144 1336 4201 DWOX¹
1540 4172 1541 4177 ¹

276 4220 310 4273 17
326 4221 384 4289 ipse
401 4221 458 4276 PX
553 4225 586 4279 18
602 4223 721 4294 depromi
742 4227 769 4282 V
794 4228 884 4298 depmi
900 4228 943 4283 D¹
1029 4234 1093 4299 qula
1109 4230 1179 4286 D²O
1273 4232 1308 4286 20
1325 4232 1417 4287 uelue-

275 4306 405 4362 mentione
426 4308 491 4364 Vn·
582 4327 651 4380 pons
667 4312 708 4366 D¹
799 4328 919 4384 panaque
941 4315 1010 4371 WX
1102 4318 1137 4373 23
1155 4317 1241 4387 adque
1262 4316 1340 4375 VOP
1540 4310 1541 4313 ¹

272 4392 311 4447 24
326 4391 412 4464 adque
433 4393 514 4451 VOP
613 4396 649 4451 25
665 4398 798 4467 profetam
813 4400 872 4455 DO
