3092 4967
469 468 650 543 ,Curiatio
673 468 753 536 xm,
772 470 880 527 13-14.
1183 472 1248 539 385

120 659 316 725 stantiam
351 660 434 723 eius
465 678 533 743 per
567 658 803 724 eirauitumt
839 659 907 725 sed
941 660 1056 725 auter
1091 678 1247 727 manum

121 766 240 843 tuam,
273 760 305 827 id
335 765 382 828 eat
411 764 478 828 siue
506 782 577 829 eum
600 763 665 827 suis
688 781 809 827 meeum
831 762 954 827 uiribus
976 764 1145 842 dedentem,
1168 764 1248 830 uisi

122 870 161 931 iu
195 866 339 931 faeiem
373 868 482 932 tuam
514 865 771 933 benedixerit
804 866 891 931 tibi.
936 867 990 931 sed
1021 884 1092 931 oum
1127 864 1279 933 uullam2

121 968 337 1035 huiuscemodi
366 968 590 1051 querimoniam
621 971 828 1035 calumniosus
851 969 948 1035 hostis
975 973 1046 1053 post
1068 969 1248 1037 sontiatum

102 1074 233 1137 suadeat
259 1072 383 1152 iterare,
400 1090 461 1137 nun
477 1074 535 1151 dei,
559 1071 613 1137 ssd
628 1072 714 1137 illius
729 1091 763 1137 se
778 1073 917 1139 edietum
933 1072 1053 1139 uiribus
1068 1071 1248 1139 eonfitetur:

120 1176 192 1240 licet
227 1176 326 1240 etiam
360 1177 461 1258 gratia
491 1175 541 1241 dei
569 1192 630 1241 nou
660 1177 692 1241 iu
722 1176 825 1241 totum
854 1175 902 1241 illi
933 1174 1068 1241 defuisse
1097 1177 1250 1243 eredendo

120 1280 168 1352 sit,
202 1298 287 1360 quae
320 1280 442 1343 tantam
477 1277 658 1360 temptaturi
693 1278 871 1360 temptandi
904 1277 1019 1343 tribuit
1052 1280 1247 1361 potestatem,

120 1387 274 1465 quantam
308 1384 340 1446 et
368 1382 463 1445 illum
492 1380 656 1447 resistendi
686 1382 817 1445 uouerat
845 1380 959 1445 labere
991 1380 1154 1461 uirtutem,
1186 1401 1249 1450 uon

121 1503 190 1549 eum
222 1482 268 1549 ab
297 1483 383 1549 illius
415 1484 637 1568 inpugnatione
660 1485 704 1549 sio
726 1488 905 1567 protegens,
928 1488 965 1549 ut
987 1484 1110 1549 nullum
1133 1485 1248 1551 uirtuti

89 1589 278 1652 nohumanae
311 1586 496 1670 relinqueret
528 1586 639 1671 ludum,
671 1589 726 1653 ssd
757 1588 816 1653 lnoo
846 1591 970 1655 tautum
1002 1606 1178 1671 procurans,
1209 1610 1248 1656 ue

120 1690 371 1757 uiolentissimm
394 1690 540 1757 iuimiuus
571 1692 709 1757 animam
739 1692 806 1755 eius
830 1696 985 1757 amentem
1008 1690 1123 1757 ludens
1143 1696 1177 1757 et
1198 1694 1248 1759 iu·

121 1797 227 1877 putem
264 1812 355 1859 seusu
389 1792 490 1875 inpari
524 1812 595 1859 eum
629 1795 722 1875 atque
756 1794 862 1876 iniquo
899 1796 1080 1861 certaminis
1114 1794 1249 1876 pondera

120 1900 355 1981 praegrauaret
393 1898 474 1981 quod
504 1916 577 1980 ergo
608 1897 707 1963 soleat
736 1898 895 1963 interdum
925 1899 1080 1981 temptare
1103 1896 1279 1968 domiuus3

26 2068 45 2105 a
119 2002 216 2067 tidem
241 2004 392 2084 noemam,
416 2002 452 2065 ut
473 2000 583 2067 sortior
605 2000 657 2065 uel
688 2000 849 2084 gloriosior
870 2000 935 2078 fiat,
963 2000 1138 2084 euangelioi
1160 2002 1248 2069 illius

90 2102 316 2170 inuenturienis
339 2106 502 2169 edocemur
525 2104 676 2187 exemplo,
707 2104 796 2169 ouius
816 2121 950 2186 puerum
973 2123 1044 2171 oum
1066 2104 1163 2173 eoiret
1185 2105 1249 2170 uti·

120 2228 179 2291 que
213 2209 374 2289 potestate
408 2208 560 2273 sermonis
593 2208 642 2273 sui
674 2226 710 2271 sa
740 2208 884 2273 dominus
917 2212 1106 2286 curetarum,
1141 2208 1250 2273 offerro
1373 2202 1382 2213 ‘

121 2310 238 2377 maluit
275 2310 482 2392 praesentiam
521 2312 711 2393 corporalem
755 2313 877 2377 diosus:
911 2330 986 2394 ege
1022 2310 1176 2377 ueniam
1213 2312 1250 2377 ot

121 2415 270 2479 aurato
303 2431 398 2477 eum.
443 2412 496 2479 red
528 2412 586 2477 illo
601 2412 703 2481 ,dano
732 2413 799 2479 eius
829 2413 1017 2478 oblationem
1052 2412 1250 2479 feruentioris

121 2518 195 2583 idei
228 2514 396 2598 flagrantia
425 2516 675 2599 supergrediente
706 2516 799 2598 atque
821 2515 959 2582 dioento:
982 2516 1154 2592 domiue,
1179 2533 1251 2583 uoa

88 2640 206 2686 rusum
241 2618 386 2700 diguus
419 2626 461 2683 ut
491 2620 619 2684 intres
647 2617 717 2683 sub
748 2621 900 2685 testum
930 2638 1069 2685 meum:
1099 2620 1164 2683 sed
1188 2620 1250 2685 dio

119 2728 283 2789 tuntum
306 2722 439 2802 uerbo,
463 2723 501 2787 et
523 2722 732 2789 sanabitur
761 2741 855 2805 puer
878 2739 1000 2804 meus,
1023 2723 1251 2790 miraturum

120 2826 269 2893 domiuus
304 2824 398 2906 utque
434 2825 603 2891 conlaudat
636 2825 819 2908 annulisque
851 2825 915 2892 illis
948 2826 1004 2909 qui
1037 2834 1074 2912 'ex
1102 2826 1251 2893 Israhelis

121 2930 239 3013 populo
259 2927 455 2993 crediderant
475 2928 613 3011 praefert
634 2928 756 2995 disens:
778 2946 887 2995 omen
911 2929 997 2995 dieo
1019 2927 1153 3008 uubis,
1176 2947 1250 2995 non

120 3032 265 3099 inueni
294 3032 595 3097 tan=tam1fidem
626 3032 665 3097 iu
695 3032 863 3099 lsralnul.
900 3032 1018 3099 nullius
1044 3035 1127 3099 euim
1149 3030 1281 3097 laudisd

87 3142 207 3203 amet
238 3138 295 3201 aut
323 3136 440 3215 meriti,
469 3137 496 3201 si
525 3137 558 3203 id
589 3136 621 3203 iu
650 3156 687 3203 eo
715 3136 858 3204 Christus
888 3138 970 3219 quod
989 3139 1059 3219 ipse
1079 3137 1251 3203 donauerat

122 3238 338 3323 praetulisset
371 3256 470 3322 quum
497 3239 744 3323 explorationem
769 3239 848 3305 didei
876 3240 974 3307 stiam
995 3240 1027 3303 iu
1046 3239 1105 3305 illu
1128 3238 1251 3323 magui·

231 3442 413 3507 -17th.8‚7
513 3442 664 3497 ‚19La8
766 3442 930 3499 alienu

174 3630 649 3697 2xnemmuirlbuslll'0p1'r.=
680 3630 730 3685 air.
745 3646 853 3687 meeum
869 3631 899 3683 (Σ
1000 3629 1128 3687 daudiat
1144 3630 1184 3683 ΠΙ

122 3718 245 3772 sulatum
270 3717 311 3771 Σι
340 3718 444 3772 uiotum
467 3715 669 3784 meroem
774 3715 905 3784 datiam]
930 3717 958 3770 et
980 3717 1005 3769 Τ
1105 3716 1253 3771 'itautum

121 3803 159 3857 ¹1¹¹
243 3805 326 3857 teuit.
346 3802 406 3857 ΣΟ
423 3807 450 3857 st
467 3803 506 3858 rio
523 3801 651 3872 deinceps
736 3803 753 3857 9
771 3817 831 3857 ιιιιιι
844 3801 1037 3869 movim:
1065 3802 1138 3857 eain
1156 3802 1185 3855 Σ

125 3889 159 3943 11
185 3888 330 3957 amntem]
347 3890 513 3943 muntem
537 3889 566 3945 Σ
669 3886 702 3943 18
725 3889 899 3957 permanaret
921 3886 958 3939 Πι
1053 3887 1253 3943 adamnano

123 3974 154 4027 Σ
261 3974 292 4029 15
310 3973 449 4029 doeemur
467 3972 536 4029 llo:
566 3973 690 4029 doeemur
705 3972 767 4027 ΣΤ
868 3967 1140 4041 resapere-notante
1163 3974 1186 4030 0

124 4060 289 4115 minutum
309 4060 352 4115 dte
370 4060 396 4111 Y
487 4058 663 4115 ddisraelffl
756 4057 789 4113 25
807 4059 915 4113 satta
942 4058 1067 4113 samm
1092 4059 1187 4119 hano

125 4144 442 4216 saillaumis?
526 4145 832 4215 ltpostpraetulirset
850 4143 975 4199 mall:
1005 4159 1081 4198 amsa
1099 4144 1158 4199 diuo
1176 4144 1253 4202 uobis

126 4248 184 4287 nou
200 4232 269 4288 dudi
290 4234 397 4287 tantam
421 4230 498 4288 aden
520 4233 548 4287 iu
566 4230 677 4289 lumel.
699 4228 789 4286 ΦΘιι
815 4230 937 4300 alioquin
960 4230 1071 4285 dixisset
1093 4244 1171 4287 aneu
1194 4230 1252 4287 dieo

126 4317 206 4373 uotis
230 4320 316 4385 (amau
335 4318 394 4373 dieu
412 4317 490 4375 uubis
513 4332 565 4375 om.
582 4319 614 4387 u)
632 4332 690 4373 «uon
713 4316 776 4373 dedi
792 4318 814 4373 t
832 4316 853 4371 l.
874 4318 903 4371 in
926 4316 1041 4373 lamuel.
1064 4332 1112 4391 qo
1134 4317 1200 4374 how
1217 4322 1254 4373 ιιι

124 4406 229 4474 spuria
246 4420 307 4462 οιιιιι
325 4404 353 4458 Σ
370 4404 449 4461 oraim

180 4506 259 4565 xm
294 4522 397 4569 uuna.
1118 4504 1154 4561 25
