3092 4967
540 446 697 503 Oculatio
715 447 737 511 1,
757 445 868 501 til-22.
1222 452 1264 518 33

140 637 232 701 taetri
262 639 357 719 atque
386 636 424 701 ad
447 638 511 701 eius
534 655 636 719 genua
664 638 857 719 prouolutus,
880 638 1017 722 indulge,
1039 638 1152 721 inquit,
1173 639 1262 717 mihi,

140 741 214 821 quia
242 759 298 825 ego
328 740 388 807 tibi
418 742 499 806 huno
522 742 657 807 laborem
680 742 789 807 indixi.
826 744 931 825 itaque
953 742 1007 807 ille
1029 743 1078 806 uir
1100 745 1209 807 tantus
1232 746 1264 808 et

140 844 171 909 in
200 843 394 911 discretionis
424 847 542 909 ratione
577 844 734 926 perfectus
756 848 815 911 sub
847 846 948 911 colore
975 845 1185 911 continentiae
1213 848 1262 912 in·

140 952 343 1031 congruenter
377 948 526 1013 exercitae
559 947 715 1012 intellexit
743 967 776 1011 se
803 949 841 1012 ob
871 949 928 1013 hoo
950 948 1122 1013 calliditate
1146 947 1262 1015 diaboli

117 1051 387 1117 scincumuenturn
417 1052 534 1133 talique
560 1051 733 1115 distentum
753 1050 880 1125 ieiunio,
902 1056 938 1118 ut
964 1051 1179 1117 lassitudinem
1201 1070 1262 1118 non

138 1156 355 1230 necessariam,
384 1154 481 1217 immo
510 1153 606 1219 etiarn
633 1152 756 1235 spiritui
785 1153 961 1219 nocituram
990 1154 1122 1235 fatigato
1144 1155 1262 1237 corpori

138 1258 367 1338 superponeret,
398 1255 651 1339 paracharaximo
680 1255 800 1322 scilicet
822 1256 946 1323 inlusus
968 1258 1162 1339 nomismate,
1186 1256 1262 1322 dum

138 1360 170 1422 iu
192 1359 250 1424 illo
272 1359 337 1425 ueri
361 1360 444 1441 regis
466 1359 636 1443 imaginem
659 1360 825 1425 ueneratus
847 1378 957 1443 parum
978 1359 1110 1426 discutit
1123 1378 1164 1425 an
1179 1364 1262 1426 esset

138 1462 279 1545 legitime
306 1462 486 1547 figuratum.
524 1462 638 1527 ultima
666 1481 740 1529 uero
768 1464 945 1530 obseruatio
972 1464 1064 1529 huius
1090 1462 1292 1544 probabilis2

106 1565 315 1647 strepentes,
345 1584 438 1649 quam
471 1568 508 1631 de
536 1564 739 1648 inquisitione
773 1567 919 1648 ponderis
948 1584 1015 1633 esse
1044 1564 1260 1649 praediximus,

136 1668 246 1733 taliter
283 1668 464 1751 inplebitur,
502 1669 528 1735 si
566 1669 716 1752 quidquid
760 1672 933 1753 gerendum
969 1670 1118 1754 cogitatio
1155 1672 1261 1737 nostra

136 1773 329 1857 suggesserit
351 1773 437 1839 omni
459 1775 603 1855 scrupulo
626 1776 832 1840 retractantes
854 1776 948 1857 atque
962 1774 996 1839 in
1010 1774 1109 1841 nostri
1125 1774 1259 1856 pectoris

135 1876 256 1941 trutina
278 1876 474 1943 conlocantes
496 1876 752 1959 aequilibratione
776 1877 949 1943 iustissima
970 1878 1203 1961 perpendamus,
1219 1897 1259 1943 an

135 1978 262 2059 planum
293 1978 336 2043 sit
358 1980 527 2045 lhouestats
549 1981 716 2054 communi,
745 1999 785 2045 an
814 1982 927 2047 timore
955 1981 1006 2047 dei
1027 1981 1071 2045 sit
1093 1998 1197 2065 graue,
1220 2000 1259 2047 an

104 2080 295 2163 nintegrum
318 2100 421 2166 sensu,
444 2102 484 2148 au
507 2082 644 2149 humana
672 2084 881 2149 ostentatione
904 2084 960 2149 aut
982 2084 1087 2166 aliqua
1108 2084 1259 2150 nouitatis

133 2185 387 2267 praesumptione
409 2186 451 2251 sit
473 2186 550 2269 leue,
571 2205 610 2251 au
626 2188 731 2253 meriti
746 2188 812 2253 eius
826 2188 945 2270 pondus
960 2188 1061 2253 inanis
1076 2188 1259 2253 cenodoxiae

133 2305 194 2351 uon
229 2288 415 2353 imminuerit
441 2290 493 2354 uel
523 2290 676 2353 adroserit
703 2290 813 2373 gloria.
854 2294 887 2355 et
914 2294 958 2357 sic
986 2311 1024 2357 ea
1049 2292 1190 2373 protinus
1220 2293 1258 2355 ad

133 2410 261 2456 examen
299 2394 459 2475 publicum
496 2394 701 2474 trutinantes,
740 2394 772 2458 id
809 2397 858 2459 est
894 2396 933 2459 ad
969 2396 1190 2477 prophetarum
1227 2399 1259 2458 et

134 2493 346 2575 apostolorum
357 2500 443 2561 actus
456 2514 493 2561 ac
503 2498 684 2563 testimonia
696 2497 888 2563 conferentes
900 2499 952 2563 uel
963 2499 1125 2579 tamquam
1137 2499 1259 2581 integra

103 2599 227 2681 aratque
255 2598 395 2679 perfecta
422 2603 454 2663 et
481 2599 548 2663 illis
575 2601 795 2683 compensantia
823 2604 993 2678 teneamus,
1022 2603 1074 2666 uel
1096 2608 1255 2683 tamquam

134 2700 305 2783 inperfecta
338 2705 431 2783 atque
463 2704 614 2767 damnosa
646 2720 703 2767 nec
738 2702 865 2767 illorum
898 2705 1025 2786 ponderi
1056 2704 1257 2769 consonantia

134 2805 216 2867 omni
240 2804 384 2869 cautione
407 2823 443 2869 ac
464 2804 630 2889 diligentia
652 2803 832 2870 retutemus.

174 2894 373 2989 xxltlilrit
405 2940 478 3007 ergo
507 2925 564 2989 hoc
593 2923 817 3008 quadripertito
845 2946 905 3008 quo
932 2926 1066 2990 diximus
1089 2930 1179 2992 modo
1202 2947 1258 2991 ne-

136 3029 266 3093 cessaria
294 3029 383 3094 nobis
410 3029 471 3092 ista
498 3028 652 3106 discretio,
680 3029 711 3091 id
742 3029 791 3094 est
818 3034 855 3094 ut
879 3030 1016 3111 primurn
1041 3030 1174 3095 materia
1200 3049 1258 3095 nos

104 3133 198 3195 cauri
215 3132 281 3195 ueri
297 3130 435 3196 fucatius
446 3150 507 3197 uon
518 3132 624 3215 lateat,
640 3132 776 3196 secundo
791 3136 829 3196 ut
843 3134 899 3199 has
916 3136 1039 3198 easdem
1051 3132 1255 3215 cogitationes

135 3252 210 3315 quac
232 3236 429 3301 mentiuntur
450 3251 543 3318 opera
557 3234 684 3316 pietatis
699 3236 860 3318 tamquam
875 3236 1052 3301 adulterina
1067 3234 1255 3300 nomismata

136 3338 164 3400 et
193 3338 450 3420 paracharaxima
480 3340 689 3420 reprobemus,
718 3339 826 3419 utpote
855 3358 931 3423 quae
954 3340 1065 3404 falsam
1086 3338 1256 3420 imaginem

135 3442 213 3523 regis
244 3459 306 3505 non
334 3442 477 3525 legitime
500 3442 623 3525 signata
649 3443 837 3524 contineant,
868 3444 918 3506 nel
942 3443 1007 3525 illa,
1030 3460 1107 3524 quac
1129 3443 1162 3505 in
1183 3458 1260 3505 auro

184 3729 291 3783 ltetri
318 3729 377 3783 DX
484 3731 568 3798 adque
599 3732 636 3786 W
736 3730 831 3799 inquid
857 3730 931 3785 DW
1035 3730 1188 3794 211111)ι

135 3815 340 3871 3diacretiones
361 3816 408 3870 W¹
516 3816 740 3871 dexereitstaec
842 3815 944 3869 diabuli
970 3815 1012 3869 D¹
1116 3814 1257 3884 tparaca·

135 3934 220 3972 ramuo
237 3921 294 3986 (mo
311 3919 343 3971 ia
359 3920 426 3983 rue.)
445 3917 476 3972 X
571 3910 730 3973 admismate
750 3920 790 3975 W
881 3921 1058 3975 bucneratur
1075 3918 1189 3973 Woorr.

134 4003 249 4059 discutet
271 4004 319 4059 W¹
413 4002 599 4071 9probabiles
622 4004 669 4057 W¹
756 4000 793 4057 ld
806 4008 939 4074 trapazeta
957 4005 986 4059 D
1082 4004 1111 4058 ll
1130 4004 1257 4073 quioquid

135 4089 233 4145 DWX
336 4091 369 4144 13
388 4104 473 4157 acqua
490 4089 646 4143 liberatione
663 4090 694 4144 D
797 4092 830 4144 18
847 4091 1010 4159 profetarum
1028 4090 1057 4143 D
1157 4090 1191 4144 21
1210 4091 1257 4144 ad·

136 4174 225 4241 queD
311 4174 476 4243 ponderaD¹
562 4174 794 4230 22reiutemurD
879 4176 913 4229 23
928 4176 1032 4232 wasa
1044 4176 1188 4247 distinguit

137 4277 202 4344 qnod
219 4278 249 4332 D
342 4278 376 4333 25
393 4277 516 4347 ingatiue
534 4276 573 4331 D¹
664 4278 697 4331 26
715 4268 874 4333 ndmismata
895 4280 941 4334 W·
1017 4280 1050 4332 27
1069 4295 1259 4349 paracaraxma

139 4366 189 4426 (ma
204 4364 236 4417 ia
253 4370 318 4429 rua.)
337 4364 367 4417 X
467 4363 678 4417 laconiensem
698 4363 745 4418 W¹

184 4465 262 4522 XIII·
299 4484 357 4526 em.
373 4488 392 4525 a.
1136 4470 1153 4523 3
