3092 4967
483 476 644 534 Conlatio
664 478 745 545 VIII,
763 478 872 535 10-12.
1176 482 1240 549 227

112 670 231 738 domini
264 670 388 736 utiliter
419 668 454 734 in
483 666 549 731 ima
576 667 715 733 deiectus
742 672 800 751 est,
829 670 866 733 ut
892 685 955 735 non
977 669 1041 734 iam
1062 670 1144 736 siout
1167 673 1241 735 aute

111 774 246 841 sublime
278 772 396 857 aliquid
428 772 554 837 intuens
586 776 619 837 et
652 772 791 837 aculeus
823 772 991 850 incederet,
1024 772 1077 837 sed
1110 775 1148 837 ut
1174 771 1241 841 solo

110 880 279 945 cohaerens
297 877 419 958 reperet
434 878 464 940 et
478 874 663 941 humiliatus
679 894 772 959 super
787 881 930 941 uentrem
942 877 1073 942 terrenis
1091 876 1241 943 uitiorum

111 982 190 1049 esuis
230 985 263 1047 et
297 980 441 1065 oporibus
476 980 667 1063 pasceretur,
704 980 863 1046 occultum
900 980 1043 1061 deinceps
1075 980 1238 1062 publicans

96 1086 276 1151 eiuimioum
298 1102 334 1150 uc
355 1100 472 1166 ponens
494 1084 578 1149 inter
599 1084 704 1165 ipsum
722 1087 755 1148 et
769 1082 929 1149 hominem
945 1083 1039 1151 utiles
1054 1084 1240 1152 iuimiuItias

110 1189 341 1271 salutaremque
375 1184 571 1265 discordiam,
605 1190 641 1252 ut
674 1188 749 1252 dum
783 1190 912 1252 cauetur
946 1186 1106 1272 tamquam
1140 1188 1239 1255 hostis

111 1293 230 1375 noxius,
268 1290 416 1358 amicitiis
453 1290 663 1356 fraudulentis
700 1292 832 1355 ulterius
869 1289 989 1356 homini
1027 1307 1137 1356 nocere
1176 1309 1238 1357 nou

110 1396 226 1479 posset

153 1516 214 1583 XI.
244 1516 283 1581 In
311 1534 371 1597 quo
400 1518 507 1580 tamen
536 1514 669 1581 utillud
697 1534 751 1581 nos
773 1514 937 1599 praecipue
959 1517 1051 1582 debet
1073 1515 1239 1592 instruere,

84 1623 148 1684 out
169 1638 190 1685 a
212 1618 306 1685 malis
328 1618 467 1685 consiliis
489 1618 690 1694 declinemus,
719 1620 801 1701 quod
824 1618 897 1684 licet
920 1618 1109 1701 deceptionis
1132 1621 1241 1685 suomi

114 1739 250 1805 congrua
271 1739 370 1804 poena
392 1725 425 1786 et
446 1721 704 1788 condemnatione
725 1721 892 1803 plectetur,
916 1740 954 1787 ne
972 1720 1027 1786 ille
1042 1721 1168 1803 quidem
1184 1724 1239 1807 qui

113 1825 274 1890 seducitur
296 1824 449 1908 supplicio
472 1828 586 1903 careat,
610 1825 684 1892 licet
713 1826 907 1909 aliquantulo
930 1825 1046 1891 leuiore
1069 1844 1162 1908 quam
1184 1828 1239 1893 ille

115 1930 166 2011 qui
188 1929 297 1994 auctor
319 1928 510 2010 deceptionis
526 1929 671 1994 extiterit.
701 1934 782 2011 quod
798 1930 850 1994 hic
864 1948 1044 2015 expressum
1058 1930 1239 2013 planissime

116 2032 280 2096 cernimus.
318 2031 421 2095 Adam
443 2049 577 2113 namque
600 2032 654 2113 qui
676 2031 825 2097 seductus
848 2036 904 2109 est,
927 2034 1023 2098 immo
1045 2034 1082 2098 ut
1104 2034 1239 2117 apostoli

86 2134 217 2201 uuerbis
248 2134 375 2216 eloquar
404 2133 458 2217 qui
489 2134 678 2200 seductus
712 2153 788 2200 non
821 2138 896 2215 est,
929 2136 984 2201 sed
1012 2137 1160 2203 seductae
1187 2144 1241 2207 ad·

116 2238 273 2320 quiescens
301 2237 335 2303 in
363 2236 553 2303 exitiabilem
576 2238 700 2304 uidetur
721 2238 885 2304 acoessisse
910 2257 1103 2323 demensum,
1127 2242 1240 2307 sudore

116 2341 222 2406 uultus
243 2360 280 2406 ac
302 2341 407 2407 labore
429 2343 645 2408 tautummodo
668 2341 898 2421 condemnatur,
923 2344 1098 2426 quitamen
1114 2345 1240 2412 illinon

116 2462 166 2525 per
186 2463 285 2523 suam,
302 2444 356 2509 sed
371 2463 426 2527 per
440 2449 543 2511 terrae
558 2443 807 2511 maledictionem
822 2447 1085 2529 sterilitatemque
1101 2447 1239 2513 decerni·

116 2553 174 2612 tur.
196 2548 310 2613 mulier
332 2566 407 2613 uero
429 2566 507 2631 quae
527 2547 621 2613 huius
643 2550 688 2614 rei
709 2567 873 2633 persuasor
891 2551 996 2615 extitit
1017 2551 1272 2634 multiplicati-2

87 2666 202 2715 aonam
224 2652 400 2735 gemituum
422 2668 458 2716 ac
473 2648 613 2716 dolorum
630 2652 724 2734 atquo
744 2652 891 2718 tristitiae
906 2657 1110 2737 promeretur,
1127 2673 1238 2739 perpe-

118 2757 167 2817 tuo
200 2754 317 2836 pariter
348 2753 422 2837 iugo
455 2753 659 2819 subiectionis
692 2754 826 2822 addicta
871 2774 999 2839 serpens
1036 2760 1149 2838 autem,
1183 2750 1242 2841 qui

118 2856 231 2936 primus
267 2857 408 2923 incentor
451 2856 544 2923 huius
587 2857 720 2924 offensae
757 2859 815 2938 est,
854 2861 983 2943 perenni
1020 2861 1239 2927 maledIctione

119 2958 274 3027 multatur.
312 2961 512 3043 quamobrem
534 2978 659 3026 summa
681 2961 893 3030 sollieitudine
915 2966 947 3030 et
962 2964 1238 3046 cmcumspcutione

120 3066 285 3128 cauendum
307 3064 356 3128 est
377 3082 396 3127 a
418 3062 556 3129 consiliis
579 3065 697 3148 prauis,
719 3067 793 3147 quia
815 3066 899 3132 sicut
915 3069 1073 3135 auctorem
1089 3067 1237 3151 puniunt,

90 3163 164 3229 aito
184 3166 346 3249 deceptum
368 3184 427 3232 nec
448 3170 573 3248 peceato
596 3167 716 3233 fuciunt
738 3187 842 3234 carere
864 3189 920 3235 nec
942 3189 1049 3253 poena.

159 3285 227 3351 XII.
256 3288 358 3352 I'uuta
386 3305 458 3352 uero
489 3288 658 3370 spirituum
687 3289 847 3355 densitate
875 3290 1068 3373 constipatur
1097 3296 1149 3356 adr
1175 3290 1237 3356 iste

122 3390 172 3469 qui
197 3390 279 3457 iuter
310 3391 431 3457 caelum
459 3395 636 3475 terramque
669 3392 866 3473 diffunditur,
896 3394 929 3459 in
961 3411 1021 3476 quo
1049 3409 1111 3459 non
1139 3393 1238 3477 quieti

217 3612 248 3667 15
266 3611 281 3666 1
299 3611 369 3666 rim.
386 3611 412 3678 2,
430 3612 464 3666 14

169 3818 311 3873 lutileter
333 3819 359 3873 V
454 3820 535 3872 anua
551 3818 647 3875 DWO
749 3820 903 3875 Vincedero
926 3821 964 3876 W
1061 3822 1242 3878 douluaerons

129 3898 151 3950 V
227 3904 439 3959 Viruudolentis
461 3906 529 3960 Vx¹
615 3907 736 3976 8possit
753 3908 899 3964 VDWOP
984 3908 1017 3964 10
1034 3912 1129 3964 auctur
1152 3910 1178 3964 V

125 3984 236 4043 rueret
252 3992 289 4047 W
373 3991 541 4060 aliquantulo
560 3991 586 4045 V
607 3992 777 4061 aliquantuli
789 3992 819 4047 D
911 3995 944 4049 13
962 3995 1098 4050 aucturV
1187 3996 1243 4066 ple-

125 4072 224 4130 nissime
243 4076 313 4133 OPu
343 4078 431 4146 plaeu.
450 4077 482 4131 X
584 4080 617 4133 15
634 4079 770 4148 eloquitur
786 4080 826 4134 D¹
928 4080 1037 4135 seducta
1055 4097 1104 4135 eus
1125 4082 1175 4138 W²

128 4158 327 4219 licuitiabelem
342 4164 378 4219 V¹
459 4165 492 4218 17
504 4167 581 4220 tanto
594 4166 672 4221 modo
688 4168 714 4222 V
792 4168 825 4223 18
837 4168 1064 4237 sterelitatemque
1079 4169 1176 4224 WPX

129 4244 157 4297 19
171 4249 273 4304 ulroV
371 4252 419 4320 qui
440 4250 481 4305 D¹
585 4252 713 4307 extiterat
736 4252 859 4309 Wcorr.
961 4255 995 4309 20
1017 4254 1104 4324 adque
1125 4255 1178 4309 VP

129 4328 157 4383 21
177 4332 345 4391 subieccionis
374 4336 401 4391 V
428 4335 538 4391 subiect
563 4338 627 4406 iugo
649 4337 679 4392 D
781 4340 816 4395 22
838 4342 962 4395 incentor
990 4340 1024 4395 V¹
1127 4346 1169 4395 est
1191 4358 1243 4397 ιιιιι.

133 4414 175 4471 W¹
262 4438 373 4491 poreuue
391 4421 433 4476 1)ι
530 4422 565 4476 26
582 4424 750 4493 constipatur
772 4426 809 4480 V:
838 4426 1006 4494 constipatur
1024 4429 1065 4481 est
1082 4427 1175 4483 rullo

1090 4532 1144 4586 15*
