3092 4967
697 423 863 480 Iohsnnis
879 424 1038 481 (iussioni

832 1055 897 1139 ΠΙ.

431 1269 701 1375 conuiuio
741 1270 979 1375 Assssnuls
1017 1272 1297 1377 Pnoovrss.

492 1500 547 1565 oo
573 1496 724 1565 rumve
746 1495 1233 1566 muunvnrmuronrors.

739 1732 986 1819 onruvon

417 1909 444 1974 I.
469 1910 514 1975 De
537 1908 766 1974 oouuersotione
789 1926 825 1973 eo
845 1908 914 1975 uite
935 1907 1058 1975 obbatis
1081 1907 1234 1975 Pufuutii.
1441 1933 1453 1973 r

401 2012 445 2078 II.
467 2010 513 2077 De
535 2028 677 2076 sermono
698 2010 838 2075 eiusdem
861 2012 947 2077 senis
966 2029 1003 2077 eo
1024 2011 1219 2095 responsione
1241 2011 1358 2076 nostre.

381 2115 443 2181 ΠΙ.
466 2112 638 2195 Propositio
674 2112 799 2179 obbatis
834 2113 975 2182 Peiuutii
1012 2114 1049 2180 de
1085 2112 1188 2179 tribus
1225 2114 1422 2181 uooutiouum
1528 2163 1529 2174 .

466 2218 630 2303 generibus
652 2217 684 2281 ot
705 2216 742 2283 de
765 2218 866 2283 tribus
886 2216 1184 2283 renuntiationibus.
1528 2208 1530 2298 Ι

365 2322 443 2388 ΙΙΠ.
467 2320 625 2403 Expositio
646 2319 743 2385 t'rium
765 2320 973 2386 uooetiouurn.
1528 2303 1530 2401 Ι

404 2423 443 2491 V.
466 2422 554 2504 Quod
576 2424 607 2489 et
629 2422 785 2489 desidioso
807 2422 930 2489 uooetio
946 2423 1048 2505 prime
1062 2437 1122 2488 nou
1136 2421 1238 2505 prosit
1252 2422 1454 2493 etstrenuoo
1528 2405 1530 2506 Ι

465 2528 622 2609 postrema
644 2542 707 2591 uon
728 2526 821 2591 obsit.

386 2628 442 2695 VI.
464 2628 623 2711 Expositio
644 2631 741 2693 trium
764 2628 1045 2695 renuntiationum.

371 2732 442 2799 VII.
465 2730 732 2811 Quemadmodum
766 2732 961 2816 singulorum
992 2730 1258 2797 renuntiationum
1290 2732 1333 2795 sit
1367 2732 1421 2797 ed·

463 2834 685 2919 prehendenda
706 2835 866 2918 perfectio.
1528 2843 1529 2908 Ι

355 2937 443 3003 VIII.
467 2938 513 3003 De
535 2938 667 3021 propriis
690 2938 821 3018 diuItiis,
850 2938 883 3003 iu
910 2936 1021 3021 quibos
1036 2922 1185 3004 'mneieoio
1207 2937 1329 3004 enimse
1350 2938 1456 3023 pul-1⁵
1528 2965 1529 3014 Ι

464 3040 606 3106 ohritudo
629 3041 680 3106 uel
702 3040 845 3106 foeditas.
1528 3021 1529 3044 ¹

336 3142 442 3208 VIIII.
465 3144 512 3209 De
535 3142 694 3225 tripertito
717 3162 830 3227 genere
852 3142 1045 3208 diuitiarum.
1528 3207 1529 3214 ,

401 3246 440 3311 Χ.
464 3247 536 3313 Non
562 3264 654 3329 posse
682 3264 870 3329 quemquem
897 3244 998 3327 primo
1027 3246 1152 3312 tuntum
1180 3247 1420 3315 renuntiationis
1528 3323 1529 3326 Ι

462 3352 562 3432 gradu
583 3366 651 3415 osso
677 3348 861 3433 perfeetum.
1470 3334 1475 3345 ⁴
1528 3355 1529 3358 ’

383 3452 440 3517 XI.
462 3452 671 3538 iuterrogatio
695 3452 733 3518 de
755 3454 851 3519 libero
873 3451 1005 3518 arbitrio
1027 3452 1162 3519 hominis
1183 3457 1216 3519 et
1232 3454 1336 3537 grets
1357 3454 1460 3521 dei.»

366 3554 440 3620 XII.
462 3555 631 3638 Responsio
659 3558 697 3623 de
730 3556 955 3638 dispensatione
983 3554 1108 3622 diuiuee
1132 3556 1254 3640 gratioe
1274 3558 1422 3624 mouente

462 3657 584 3725 aroino
605 3658 761 3725 libertate.

349 3757 439 3824 XIII.
463 3758 551 3840 Quod
573 3761 702 3827 dinootio
723 3761 794 3827 uine
815 3762 938 3828 nostrae
959 3780 997 3827 ex
1018 3763 1074 3827 deo
1096 3762 1148 3828 sit

331 3861 438 3928 XIIII.
463 3861 552 3943 Quod
579 3864 711 3930 seientia
737 3865 817 3950 legis
845 3864 1027 3950 magisterio
1049 3868 1081 3930 et
1101 3865 1340 3933 inluminatione
1362 3868 1423 3933 do·

462 3965 540 4031 ruini
563 3965 746 4033 uerteretur.
1433 3999 1463 4040 ss

350 4250 384 4305 10
405 4252 434 4305 ot
456 4253 696 4309 strenuo...obsit
720 4270 770 4309 orn.
793 4254 824 4309 X
926 4256 959 4310 14
981 4257 1106 4326 prestitio
1127 4257 1159 4312 X
1262 4260 1294 4314 Io
1311 4262 1427 4316 ooustnt

298 4336 328 4389 X
408 4336 560 4406 pulcritudo
575 4338 630 4395 ΟΧ
709 4340 961 4395 idsittenendex
1039 4342 1295 4401 iidiulumenstione
1306 4344 1351 4399 1)ι
