3092 4967
281 444 346 509 356
675 439 842 495 Iohannis
864 439 1018 495 Cassiani

285 632 529 713 dispensationes
557 629 617 708 dei,
651 648 727 713 quas
759 631 842 694 intra
869 646 902 693 se
929 628 1131 713 peculiariter
1159 628 1292 693 exerceri
1321 646 1408 693 mens

284 735 462 800 sanctonum
495 735 632 798 omnium
665 732 835 799 momentis
867 730 1003 817 singulis
1037 732 1187 807 iutnetnr,
1220 731 1310 814 illam
1339 750 1407 797 cae·

283 837 394 902 lostam
427 834 616 901 infusionem
651 836 791 901 laetitiae
824 834 987 919 optritaliq
1021 852 1083 917 qua
1114 834 1255 899 deiectus
1287 835 1408 902 animus

283 941 428 1022 inspirati
458 940 565 1022 gandii
592 938 755 1005 alacritate
783 938 971 1016 sustollitur,
999 937 1071 1003 illos
1096 936 1213 1021 ignitos
1234 937 1336 1003 cordis
1358 956 1408 1003 er·

284 1060 388 1109 cessus
415 1046 447 1109 et
476 1044 542 1107 tam
572 1040 743 1108 ineffabilia
773 1058 867 1123 quam
895 1040 1039 1107 inaudita
1067 1040 1183 1106 solacia
1214 1040 1439 1122 gaudiorums

283 1146 395 1229 quibua
424 1162 658 1227 nonnumquam
687 1143 891 1228 ignauissimo
920 1146 1050 1226 stupore
1071 1145 1230 1228 torpentes
1251 1143 1290 1209 al
1314 1143 1408 1209 orati·

283 1266 374 1315 onam
387 1249 655 1315 feruentissimam
668 1248 758 1313 uolut
773 1249 811 1314 de
826 1265 934 1314 somno
956 1247 1199 1330 profundissimo
1209 1249 1409 1314 suscitamur.

252 1356 350 1435 lboc,
387 1352 525 1435 inquam,
559 1352 608 1418 est
633 1351 785 1436 gandium
818 1355 856 1419 de
890 1371 949 1435 quo
982 1350 1094 1417 beatus
1121 1349 1280 1434 apostolus
1309 1353 1407 1433 quob

282 1455 439 1531 oculus,
470 1456 582 1538 inquit,
613 1474 687 1522 non
715 1455 823 1522 uidit
852 1474 925 1520 nec
955 1455 1063 1520 auris
1094 1454 1254 1521 audiuit
1278 1452 1408 1518 necin

284 1578 349 1626 cor
382 1558 559 1625 bominis
591 1558 787 1636 ascendit,
817 1558 889 1625 ‚eina
921 1558 1045 1626 scilicet
1073 1557 1129 1641 qui
1155 1558 1287 1623 terrenis
1321 1556 1440 1622 uitiisro

283 1662 448 1729 habetatur
483 1661 584 1728 adbuc
616 1662 707 1727 bomo
741 1662 791 1727 cst
823 1660 856 1726 et
888 1661 1036 1727 humanis
1068 1661 1212 1727 inhaeret
1243 1659 1409 1725 succubus
1533 1677 1534 1682 ¹

282 1766 422 1847 nihilque
452 1764 490 1830 de
519 1764 590 1830 istis
612 1764 662 1829 dci
683 1764 866 1831 muneribus
887 1764 1037 1831 intuatur.
1073 1766 1206 1848 (lemque
1228 1764 1312 1830 idem
1336 1782 1408 1847 apo·
1533 1851 1534 1854 Ἴ

283 1869 382 1934 stolus
405 1872 472 1934 tam
494 1866 532 1933 ele
555 1886 588 1932 se
610 1884 704 1951 qnam
728 1868 766 1933 de
788 1866 947 1933 similibus
967 1866 1038 1945 sibi,
1061 1868 1116 1949 qni
1137 1868 1202 1934 iam
1218 1868 1258 1933 de
1272 1867 1411 1932 bumana
1533 1893 1534 1938 3

282 1970 516 2037 conuersatione
549 1969 762 2051 discesserant,
798 1971 931 2036 subiecit
967 1969 1088 2037 dicens:
1127 1970 1244 2037 nobis
1277 1975 1409 2037 autem

282 2074 480 2141 reuelauit
502 2075 593 2140 dens
615 2092 681 2155 per
707 2073 903 2156 spirltum
924 2092 1047 2142 auum.
1416 2096 1440 2136 a

323 2195 414 2262 XIII.
437 2194 475 2260 In
498 2196 548 2262 bIa
569 2196 668 2279 igitur
690 2195 836 2261 omnibus
858 2200 1010 2280 qnantum
1032 2213 1121 2260 mens
1144 2198 1182 2261 acl
1206 2194 1408 2259 subtiliorem

280 2299 445 2383 profecerit
466 2300 646 2383 puritatem,
665 2300 763 2409 ¹tanto
794 2298 959 2364 sublimius
982 2298 1158 2364 intuebitur
1180 2297 1275 2362 deum
1296 2299 1330 2362 ct
1352 2296 1409 2361 ael·
1533 2305 1534 2310 ’

281 2402 456 2469 mirationis
486 2402 571 2467 intra
598 2406 697 2467 semet
725 2401 825 2499 ipsam
851 2402 957 2484 potius
978 2402 1080 2485 capiet
1101 2403 1294 2465 incramenta
1314 2417 1408 2482 qnam

281 2506 426 2590 loquendi
456 2504 640 2571 facultatem
671 2508 726 2569 aut
755 2522 928 2570 sermonem
958 2502 1149 2569 narrationis
1182 2503 1334 2568 inueniet.
1372 2502 1410 2565 ut

282 2610 366 2673 enim
397 2606 463 2672 nim
493 2606 631 2673 lactitiae
652 2608 744 2673 huius
767 2606 947 2689 iusupertus
971 2609 1076 2672 mente
1097 2607 1265 2690 perclpere,
1287 2604 1334 2671 ita
1357 2622 1443 2670 enm

282 2712 400 2794 plicare
425 2728 571 2775 sermone
593 2730 655 2775 non
682 2709 801 2774 calebit
823 2713 983 2794 expertas:
1011 2710 1173 2791 tamquam
1195 2711 1223 2774 si
1245 2710 1316 2791 quis
1337 2708 1409 2773 dul·

282 2814 422 2879 cedinem
452 2813 555 2877 mellis
585 2815 612 2877 ei
644 2812 697 2897 qui
727 2831 898 2897 numquam
930 2812 1095 2895 quicquam
1118 2811 1209 2876 dulce
1231 2811 1410 2894 gustauerit

281 2916 361 2982 uelit
383 2916 578 2982 sermonibus
593 2934 746 2991 erumnam,
762 2916 901 2999 profecto
920 2933 978 2980 nec
992 2916 1047 2980 ille
1061 2913 1181 2997 saporis
1195 2912 1283 2978 illius
1299 2912 1409 2979 auaui·

279 3023 380 3085 tatem
409 3036 501 3102 quam
534 3038 705 3103 numquam
735 3037 787 3084 ore
815 3022 953 3102 percepit
981 3018 1113 3084 auribus
1135 3017 1249 3100 capiet,
1272 3036 1330 3082 nec
1351 3017 1409 3082 ille

280 3123 478 3189 dnlcedinem
511 3140 604 3206 qaam
637 3126 746 3207 gustus
781 3123 945 3205 uoluptate
977 3122 1125 3207 cognonit
1157 3121 1262 3187 uerbis
1292 3122 1444 3203 poteritis

279 3226 425 3309 indicare,
459 3226 513 3290 sed
545 3228 670 3308 propria
705 3228 829 3291 tautum
869 3226 1029 3311 agnitione
1066 3225 1235 3291 suauitatIs
1268 3224 1408 3289 inlectus

279 3348 402 3395 necesse
425 3333 473 3393 est
495 3330 531 3393 ut
553 3328 671 3411 experti
695 3328 815 3412 saporis
837 3330 1065 3394 iucunditatem
1088 3331 1173 3394 intra
1187 3328 1288 3393 semet
1303 3331 1407 3410 ipsum

248 3430 471 3498 2solummodo
504 3433 617 3497 tacitus
652 3432 833 3497 admiretur.
871 3434 916 3498 ita
949 3433 1047 3517 igitur
1079 3431 1220 3515 quinquis
1256 3432 1290 3497 in
1323 3430 1410 3494 bunc

278 3553 369 3618 quem
398 3534 606 3618 praediximus
636 3535 792 3600 uirtutum
819 3538 938 3599 statum
961 3536 1109 3600 meruerit
1130 3534 1303 3617 peruenire,
1327 3534 1408 3597 baac

380 3744 585 3811 alequas
687 3746 850 3800 141.c.10

327 3942 346 3996 4
369 3939 495 4008 inapIrati
518 3939 555 3992 0:
585 3940 715 4008 insperati
734 3941 783 3994 Συ
812 3940 907 4008 lnapiti
925 3940 964 3991 Πι
992 3941 1021 3995 in
1039 3941 1183 4008 spiritibus
1200 3943 1242 3995 11¹
1273 3941 1413 4009 inspirata

276 4032 302 4082 Τ
394 4028 422 4081 in
441 4025 504 4081 illos
521 4028 546 4078 Y
642 4028 750 4096 ignotos
766 4027 798 4078 Π
892 4027 1026 4081 isolatia
1043 4029 1082 4080 ΠΙ
1179 4028 1336 4083 luelurl‘l'

276 4113 405 4183 §linquid
425 4113 451 4165 Ο
554 4114 587 4167 10
604 4112 726 4167 homines
743 4114 783 4164 11¹
888 4112 921 4165 lb
937 4112 1070 4167 rauelabit
1086 4113 1157 4166 11¹0
1257 4114 1290 4167 16
1306 4112 1409 4179 nuptil.

276 4203 303 4253 Τ
328 4198 511 4255 sublimiorem
536 4198 562 4251 0
664 4200 695 4251 11
713 4199 848 4267 proficerit
865 4200 902 4250 Y¹
1005 4199 1109 4252 ammtr.
1129 4200 1154 4250 Y
1260 4198 1292 4252 18
1312 4196 1409 4265 ipsum

277 4288 301 4339 Τ
385 4284 417 4341 21
437 4283 536 4339 dulcid.
555 4284 604 4347 ΠΙ,
631 4286 695 4339 ilem
711 4284 791 4351 infra
882 4284 1072 4337 931111111Πι
1161 4284 1197 4337 24
1214 4283 1334 4353 queml*

276 4384 396 4440 percepes
413 4370 452 4421 Π·
556 4370 590 4423 28
609 4369 713 4423 ammir.
730 4372 756 4421 Τ
855 4370 895 4423 ita
913 4383 963 4424 ora.
981 4369 1011 4421 11
