<?xml version="1.0" encoding="UTF-8"?>
<!DOCTYPE html PUBLIC "-//W3C//DTD XHTML 1.0 Transitional//EN"
    "http://www.w3.org/TR/xhtml1/DTD/xhtml1-transitional.dtd">
<html xmlns="http://www.w3.org/1999/xhtml" xml:lang="en" lang="en">
 <head>
  <title>
</title>
<meta http-equiv="Content-Type" content="text/html;charset=utf-8" />
  <meta name='ocr-system' content='tesseract 3.04.00' />
  <meta name='ocr-capabilities' content='ocr_page ocr_carea ocr_par ocr_line ocrx_word'/>
</head>
<body>
  <div class='ocr_page' id='page_1' title='image "./iohanniscassian00petsgoog_0632.png"; bbox 0 0 3092 4967; ppageno 0'>
   <div class='ocr_carea' id='block_1_1' title="bbox 319 439 1061 505">
    <p class='ocr_par' dir='ltr' id='par_1_1' title="bbox 319 439 1061 505">
     <span class='ocr_line' id='line_1_1' title="bbox 319 439 1061 505; baseline -0.015 0"><span class='ocrx_word' id='word_1_1' title='bbox 319 439 383 505; x_wconf 76' lang='grc'><strong>620</strong></span> <span class='ocrx_word' id='word_1_2' title='bbox 706 441 879 496; x_wconf 88' lang='lat' dir='ltr'><strong>lobannis</strong></span> <span class='ocrx_word' id='word_1_3' title='bbox 903 440 1061 497; x_wconf 85' lang='lat' dir='ltr'><strong>Cassiani</strong></span> 
     </span>
    </p>
   </div>
   <div class='ocr_carea' id='block_1_2' title="bbox 283 625 1460 3504">
    <p class='ocr_par' dir='ltr' id='par_1_2' title="bbox 283 625 1460 3504">
     <span class='ocr_line' id='line_1_2' title="bbox 322 625 1432 712; baseline -0.001 -16"><span class='ocrx_word' id='word_1_4' title='bbox 322 629 445 696; x_wconf 84' lang='lat' dir='ltr'><strong>studere</strong></span> <span class='ocrx_word' id='word_1_5' title='bbox 475 629 631 706; x_wconf 80' lang='lat' dir='ltr'>debemus,</span> <span class='ocrx_word' id='word_1_6' title='bbox 663 631 699 695; x_wconf 90' lang='lat' dir='ltr'><strong>ut</strong></span> <span class='ocrx_word' id='word_1_7' title='bbox 720 629 945 696; x_wconf 87' lang='lat' dir='ltr'><strong>inmaculatam</strong></span> <span class='ocrx_word' id='word_1_8' title='bbox 971 625 1176 696; x_wconf 89' lang='lat' dir='ltr'><strong>castimoniae</strong></span> <span class='ocrx_word' id='word_1_9' title='bbox 1198 633 1365 712; x_wconf 89' lang='lat' dir='ltr'><strong>puritatem</strong></span> <span class='ocrx_word' id='word_1_10' title='bbox 1383 629 1432 696; x_wconf 90' lang='lat' dir='ltr'><strong>illo</strong></span> 
     </span>
     <span class='ocr_line' id='line_1_3' title="bbox 323 733 1433 821; baseline 0.004 -25"><span class='ocrx_word' id='word_1_11' title='bbox 323 734 372 821; x_wconf 78' lang='lat' dir='ltr'><strong>uql</strong></span> <span class='ocrx_word' id='word_1_12' title='bbox 409 733 543 814; x_wconf 82' lang='lat' dir='ltr'><strong>maxime</strong></span> <span class='ocrx_word' id='word_1_13' title='bbox 588 736 726 818; x_wconf 89' lang='lat' dir='ltr'><strong>tempore</strong></span> <span class='ocrx_word' id='word_1_14' title='bbox 762 735 940 814; x_wconf 90' lang='lat' dir='ltr'><strong>teneamus,</strong></span> <span class='ocrx_word' id='word_1_15' title='bbox 980 752 1041 818; x_wconf 84' lang='lat' dir='ltr'><strong>quo</strong></span> <span class='ocrx_word' id='word_1_16' title='bbox 1078 736 1261 801; x_wconf 87' lang='lat' dir='ltr'><strong>uenerandis</strong></span> <span class='ocrx_word' id='word_1_17' title='bbox 1295 735 1433 800; x_wconf 83' lang='lat' dir='ltr'><strong>adsistere</strong></span> 
     </span>
     <span class='ocr_line' id='line_1_4' title="bbox 322 836 1431 922; baseline 0.001 -20"><span class='ocrx_word' id='word_1_18' title='bbox 322 840 467 920; x_wconf 87' lang='lat' dir='ltr'><strong>optamus</strong></span> <span class='ocrx_word' id='word_1_19' title='bbox 500 836 664 918; x_wconf 84' lang='lat' dir='ltr'><strong>altaribus,</strong></span> <span class='ocrx_word' id='word_1_20' title='bbox 697 842 729 903; x_wconf 90' lang='lat' dir='ltr'><strong>et</strong></span> <span class='ocrx_word' id='word_1_21' title='bbox 762 839 1009 922; x_wconf 87' lang='lat' dir='ltr'><strong>uigilantissima</strong></span> <span class='ocrx_word' id='word_1_22' title='bbox 1045 839 1323 922; x_wconf 75' lang='lat' dir='ltr'><strong>circumspectione</strong></span> <span class='ocrx_word' id='word_1_23' title='bbox 1353 855 1431 920; x_wconf 79' lang='lat' dir='ltr'><strong>prae·</strong></span> 
     </span>
     <span class='ocr_line' id='line_1_5' title="bbox 322 940 1433 1024; baseline -0.002 -18"><span class='ocrx_word' id='word_1_24' title='bbox 322 940 495 1006; x_wconf 90' lang='lat' dir='ltr'><strong>cauendum</strong></span> <span class='ocrx_word' id='word_1_25' title='bbox 532 942 588 1022; x_wconf 91' lang='lat' dir='ltr'><strong>est,</strong></span> <span class='ocrx_word' id='word_1_26' title='bbox 625 959 663 1004; x_wconf 89' lang='lat' dir='ltr'><strong>ne</strong></span> <span class='ocrx_word' id='word_1_27' title='bbox 700 941 803 1006; x_wconf 90' lang='lat' dir='ltr'><strong>carnis</strong></span> <span class='ocrx_word' id='word_1_28' title='bbox 847 942 1014 1022; x_wconf 73' lang='lat' dir='ltr'>integritas</span> <span class='ocrx_word' id='word_1_29' title='bbox 1058 943 1265 1024; x_wconf 87' lang='lat' dir='ltr'><strong>praecedente</strong></span> <span class='ocrx_word' id='word_1_30' title='bbox 1309 945 1433 1024; x_wconf 88' lang='lat' dir='ltr'><strong>tempore</strong></span> 
     </span>
     <span class='ocr_line' id='line_1_6' title="bbox 321 1043 1460 1127; baseline -0.002 -17"><span class='ocrx_word' id='word_1_31' title='bbox 321 1043 475 1110; x_wconf 88' lang='lat' dir='ltr'><strong>custodita</strong></span> <span class='ocrx_word' id='word_1_32' title='bbox 518 1044 551 1108; x_wconf 92' lang='lat' dir='ltr'><strong>in</strong></span> <span class='ocrx_word' id='word_1_33' title='bbox 588 1062 624 1110; x_wconf 89' lang='lat' dir='ltr'><strong>ea</strong></span> <span class='ocrx_word' id='word_1_34' title='bbox 661 1047 825 1127; x_wconf 88' lang='lat' dir='ltr'><strong>praecipue</strong></span> <span class='ocrx_word' id='word_1_35' title='bbox 861 1045 896 1110; x_wconf 92' lang='lat' dir='ltr'><strong>in</strong></span> <span class='ocrx_word' id='word_1_36' title='bbox 932 1063 994 1127; x_wconf 86' lang='lat' dir='ltr'><strong>qna</strong></span> <span class='ocrx_word' id='word_1_37' title='bbox 1030 1063 1085 1109; x_wconf 91' lang='lat' dir='ltr'><strong>nos</strong></span> <span class='ocrx_word' id='word_1_38' title='bbox 1121 1047 1161 1110; x_wconf 83' lang='lat' dir='ltr'><strong>ad</strong></span> <span class='ocrx_word' id='word_1_39' title='bbox 1197 1044 1460 1110; x_wconf 72' lang='lat' dir='ltr'><strong>communionema</strong></span> 
     </span>
     <span class='ocr_line' id='line_1_7' title="bbox 289 1145 1434 1230; baseline -0.003 -17"><span class='ocrx_word' id='word_1_40' title='bbox 289 1145 466 1214; x_wconf 80' lang='lat' dir='ltr'><strong>2salutaris</strong></span> <span class='ocrx_word' id='word_1_41' title='bbox 503 1147 640 1212; x_wconf 90' lang='lat' dir='ltr'><strong>conuiuii</strong></span> <span class='ocrx_word' id='word_1_42' title='bbox 677 1165 899 1230; x_wconf 68' lang='lat' dir='ltr'><strong>praeparamus</strong></span> <span class='ocrx_word' id='word_1_43' title='bbox 936 1151 1026 1214; x_wconf 90' lang='lat' dir='ltr'><strong>nocte</strong></span> <span class='ocrx_word' id='word_1_44' title='bbox 1060 1149 1232 1214; x_wconf 76' lang='lat' dir='ltr'><strong>fraudetur.</strong></span> <span class='ocrx_word' id='word_1_45' title='bbox 1277 1165 1382 1212; x_wconf 89' lang='lat' dir='ltr'><strong>uerum</strong></span> <span class='ocrx_word' id='word_1_46' title='bbox 1409 1147 1434 1210; x_wconf 88' lang='lat' dir='ltr'><strong>si</strong></span> 
     </span>
     <span class='ocr_line' id='line_1_8' title="bbox 318 1249 1434 1333; baseline 0 -19"><span class='ocrx_word' id='word_1_47' title='bbox 318 1251 416 1316; x_wconf 89' lang='lat' dir='ltr'><strong>hostis</strong></span> <span class='ocrx_word' id='word_1_48' title='bbox 445 1249 501 1316; x_wconf 89' lang='lat' dir='ltr'><strong>ills</strong></span> <span class='ocrx_word' id='word_1_49' title='bbox 527 1249 744 1333; x_wconf 89' lang='lat' dir='ltr'><strong>nequissimus,</strong></span> <span class='ocrx_word' id='word_1_50' title='bbox 775 1256 811 1314; x_wconf 92' lang='lat' dir='ltr'><strong>ut</strong></span> <span class='ocrx_word' id='word_1_51' title='bbox 842 1250 931 1316; x_wconf 89' lang='lat' dir='ltr'><strong>nobis</strong></span> <span class='ocrx_word' id='word_1_52' title='bbox 962 1251 1106 1318; x_wconf 90' lang='lat' dir='ltr'><strong>caelestis</strong></span> <span class='ocrx_word' id='word_1_53' title='bbox 1129 1253 1261 1318; x_wconf 85' lang='lat' dir='ltr'><strong>remedii</strong></span> <span class='ocrx_word' id='word_1_54' title='bbox 1283 1249 1434 1316; x_wconf 83' lang='lat' dir='ltr'><strong>subtrahat</strong></span> 
     </span>
     <span class='ocr_line' id='line_1_9' title="bbox 318 1352 1433 1437; baseline 0.006 -20"><span class='ocrx_word' id='word_1_55' title='bbox 318 1352 516 1433; x_wconf 77' lang='lat' dir='ltr'><strong>medicinam,</strong></span> <span class='ocrx_word' id='word_1_56' title='bbox 540 1354 699 1419; x_wconf 78' lang='lat' dir='ltr'><strong>custodiae</strong></span> <span class='ocrx_word' id='word_1_57' title='bbox 728 1355 847 1437; x_wconf 86' lang='lat' dir='ltr'><strong>sopitae</strong></span> <span class='ocrx_word' id='word_1_58' title='bbox 876 1356 991 1420; x_wconf 87' lang='lat' dir='ltr'><strong>mentis</strong></span> <span class='ocrx_word' id='word_1_59' title='bbox 1016 1355 1172 1437; x_wconf 79' lang='lat' dir='ltr'><strong>inluserit,</strong></span> <span class='ocrx_word' id='word_1_60' title='bbox 1203 1357 1250 1420; x_wconf 88' lang='lat' dir='ltr'><strong>ita</strong></span> <span class='ocrx_word' id='word_1_61' title='bbox 1273 1355 1433 1424; x_wconf 78' lang='lat' dir='ltr'><strong>dumtaxat</strong></span> 
     </span>
     <span class='ocr_line' id='line_1_10' title="bbox 317 1455 1433 1541; baseline -0.004 -19"><span class='ocrx_word' id='word_1_62' title='bbox 317 1460 354 1522; x_wconf 91' lang='lat' dir='ltr'><strong>ut</strong></span> <span class='ocrx_word' id='word_1_63' title='bbox 368 1457 456 1522; x_wconf 93' lang='lat' dir='ltr'><strong>nullo</strong></span> <span class='ocrx_word' id='word_1_64' title='bbox 471 1456 710 1541; x_wconf 86' lang='lat' dir='ltr'><strong>reprehensibili</strong></span> <span class='ocrx_word' id='word_1_65' title='bbox 724 1459 951 1524; x_wconf 86' lang='lat' dir='ltr'><strong>interueniente</strong></span> <span class='ocrx_word' id='word_1_66' title='bbox 964 1459 1098 1540; x_wconf 84' lang='lat' dir='ltr'><strong>pruritu,</strong></span> <span class='ocrx_word' id='word_1_67' title='bbox 1124 1458 1211 1524; x_wconf 93' lang='lat' dir='ltr'><strong>nullo</strong></span> <span class='ocrx_word' id='word_1_68' title='bbox 1227 1455 1433 1522; x_wconf 84' lang='lat' dir='ltr'><strong>oblectationis</strong></span> 
     </span>
     <span class='ocr_line' id='line_1_11' title="bbox 318 1560 1459 1644; baseline -0.004 -20"><span class='ocrx_word' id='word_1_69' title='bbox 318 1560 544 1626; x_wconf 86' lang='lat' dir='ltr'><strong>contaminetur</strong></span> <span class='ocrx_word' id='word_1_70' title='bbox 580 1563 720 1638; x_wconf 88' lang='lat' dir='ltr'><strong>adsensu,</strong></span> <span class='ocrx_word' id='word_1_71' title='bbox 755 1560 809 1624; x_wconf 88' lang='lat' dir='ltr'><strong>sed</strong></span> <span class='ocrx_word' id='word_1_72' title='bbox 845 1562 1036 1644; x_wconf 83' lang='lat' dir='ltr'><strong>egestionem</strong></span> <span class='ocrx_word' id='word_1_73' title='bbox 1070 1561 1211 1643; x_wconf 89' lang='lat' dir='ltr'><strong>aliquam</strong></span> <span class='ocrx_word' id='word_1_74' title='bbox 1246 1577 1302 1643; x_wconf 89' lang='lat' dir='ltr'><strong>pro</strong></span> <span class='ocrx_word' id='word_1_75' title='bbox 1334 1563 1459 1624; x_wconf 73' lang='lat' dir='ltr'><strong>naturae</strong></span> 
     </span>
     <span class='ocr_line' id='line_1_12' title="bbox 316 1659 1432 1748; baseline -0.004 -20"><span class='ocrx_word' id='word_1_76' title='bbox 316 1683 371 1748; x_wconf 90' lang='lat' dir='ltr'><strong>per</strong></span> <span class='ocrx_word' id='word_1_77' title='bbox 403 1663 623 1730; x_wconf 86' lang='lat' dir='ltr'><strong>necessitatem</strong></span> <span class='ocrx_word' id='word_1_78' title='bbox 657 1664 841 1746; x_wconf 89' lang='lat' dir='ltr'><strong>conpulsam</strong></span> <span class='ocrx_word' id='word_1_79' title='bbox 870 1667 926 1728; x_wconf 90' lang='lat' dir='ltr'><strong>aut</strong></span> <span class='ocrx_word' id='word_1_80' title='bbox 954 1666 1039 1728; x_wconf 92' lang='lat' dir='ltr'><strong>certe</strong></span> <span class='ocrx_word' id='word_1_81' title='bbox 1067 1663 1296 1748; x_wconf 80' lang='lat' dir='ltr'><strong>inpugnatione</strong></span> <span class='ocrx_word' id='word_1_82' title='bbox 1327 1659 1432 1728; x_wconf 87' lang='lat' dir='ltr'><strong>diaboli</strong></span> 
     </span>
     <span class='ocr_line' id='line_1_13' title="bbox 316 1765 1433 1850; baseline -0.004 -18"><span class='ocrx_word' id='word_1_83' title='bbox 316 1769 432 1850; x_wconf 86' lang='lat' dir='ltr'><strong>absque</strong></span> <span class='ocrx_word' id='word_1_84' title='bbox 464 1785 555 1832; x_wconf 88' lang='lat' dir='ltr'><strong>sensu</strong></span> <span class='ocrx_word' id='word_1_85' title='bbox 588 1767 761 1850; x_wconf 88' lang='lat' dir='ltr'><strong>uoluptatis</strong></span> <span class='ocrx_word' id='word_1_86' title='bbox 796 1766 938 1834; x_wconf 86' lang='lat' dir='ltr'><strong>elicitam</strong></span> <span class='ocrx_word' id='word_1_87' title='bbox 972 1768 1012 1832; x_wconf 91' lang='lat' dir='ltr'><strong>ad</strong></span> <span class='ocrx_word' id='word_1_88' title='bbox 1045 1767 1297 1849; x_wconf 86' lang='lat' dir='ltr'><strong>inpedimentum</strong></span> <span class='ocrx_word' id='word_1_89' title='bbox 1321 1765 1433 1830; x_wconf 83' lang='lat' dir='ltr'><strong>nostrae</strong></span> 
     </span>
     <span class='ocr_line' id='line_1_14' title="bbox 316 1867 1433 1952; baseline -0.004 -17"><span class='ocrx_word' id='word_1_90' title='bbox 316 1870 570 1936; x_wconf 87' lang='lat' dir='ltr'><strong>sanctificationis</strong></span> <span class='ocrx_word' id='word_1_91' title='bbox 601 1870 784 1949; x_wconf 88' lang='lat' dir='ltr'><strong>obtenderit,</strong></span> <span class='ocrx_word' id='word_1_92' title='bbox 814 1889 978 1952; x_wconf 90' lang='lat' dir='ltr'><strong>possumus</strong></span> <span class='ocrx_word' id='word_1_93' title='bbox 1007 1873 1040 1936; x_wconf 92' lang='lat' dir='ltr'><strong>et</strong></span> <span class='ocrx_word' id='word_1_94' title='bbox 1068 1871 1218 1935; x_wconf 91' lang='lat' dir='ltr'><strong>debemus</strong></span> <span class='ocrx_word' id='word_1_95' title='bbox 1244 1869 1286 1934; x_wconf 90' lang='lat' dir='ltr'><strong>ad</strong></span> <span class='ocrx_word' id='word_1_96' title='bbox 1307 1867 1433 1952; x_wconf 76' lang='lat' dir='ltr'><strong>gratian</strong></span> 
     </span>
     <span class='ocr_line' id='line_1_15' title="bbox 316 1971 1432 2040; baseline -0.004 -1"><span class='ocrx_word' id='word_1_97' title='bbox 316 1973 463 2039; x_wconf 86' lang='lat' dir='ltr'><strong>salutaris</strong></span> <span class='ocrx_word' id='word_1_98' title='bbox 488 1972 549 2039; x_wconf 91' lang='lat' dir='ltr'><strong>cibi</strong></span> <span class='ocrx_word' id='word_1_99' title='bbox 572 1973 759 2038; x_wconf 87' lang='lat' dir='ltr'><strong>confidenter</strong></span> <span class='ocrx_word' id='word_1_100' title='bbox 781 1975 936 2040; x_wconf 86' lang='lat' dir='ltr'><strong>accedere.</strong></span> <span class='ocrx_word' id='word_1_101' title='bbox 975 1975 1024 2038; x_wconf 87' lang='lat' dir='ltr'><strong>sin</strong></span> <span class='ocrx_word' id='word_1_102' title='bbox 1048 1992 1120 2038; x_wconf 87' lang='lat' dir='ltr'><strong>uero</strong></span> <span class='ocrx_word' id='word_1_103' title='bbox 1144 1976 1251 2038; x_wconf 90' lang='lat' dir='ltr'><strong>nostro</strong></span> <span class='ocrx_word' id='word_1_104' title='bbox 1274 1971 1353 2037; x_wconf 89' lang='lat' dir='ltr'><strong>uitio</strong></span> <span class='ocrx_word' id='word_1_105' title='bbox 1367 1971 1432 2034; x_wconf 85' lang='lat' dir='ltr'><strong>baec</strong></span> 
     </span>
     <span class='ocr_line' id='line_1_16' title="bbox 316 2077 1457 2158; baseline -0.003 -18"><span class='ocrx_word' id='word_1_106' title='bbox 316 2077 410 2141; x_wconf 88' lang='lat' dir='ltr'><strong>fuerit</strong></span> <span class='ocrx_word' id='word_1_107' title='bbox 444 2077 549 2158; x_wconf 82' lang='lat' dir='ltr'><strong>egesta</strong></span> <span class='ocrx_word' id='word_1_108' title='bbox 582 2077 745 2154; x_wconf 82' lang='lat' dir='ltr'><strong>concretio,</strong></span> <span class='ocrx_word' id='word_1_109' title='bbox 783 2078 1006 2142; x_wconf 85' lang='lat' dir='ltr'><strong>conuenientes</strong></span> <span class='ocrx_word' id='word_1_110' title='bbox 1042 2077 1267 2142; x_wconf 84' lang='lat' dir='ltr'><strong>conscientiam</strong></span> <span class='ocrx_word' id='word_1_111' title='bbox 1305 2078 1457 2140; x_wconf 72' lang='lat' dir='ltr'><strong>nostrane</strong></span> 
     </span>
     <span class='ocr_line' id='line_1_17' title="bbox 315 2179 1430 2264; baseline -0.005 -20"><span class='ocrx_word' id='word_1_112' title='bbox 315 2179 394 2246; x_wconf 91' lang='lat' dir='ltr'><strong>illud</strong></span> <span class='ocrx_word' id='word_1_113' title='bbox 418 2179 623 2262; x_wconf 87' lang='lat' dir='ltr'><strong>apostolicum</strong></span> <span class='ocrx_word' id='word_1_114' title='bbox 646 2180 863 2246; x_wconf 88' lang='lat' dir='ltr'><strong>formidemus:</strong></span> <span class='ocrx_word' id='word_1_115' title='bbox 887 2181 954 2264; x_wconf 90' lang='lat' dir='ltr'><strong>qui</strong></span> <span class='ocrx_word' id='word_1_116' title='bbox 975 2180 1285 2246; x_wconf 87' lang='lat' dir='ltr'><strong>manducauerit</strong></span> <span class='ocrx_word' id='word_1_117' title='bbox 1306 2194 1430 2260; x_wconf 87' lang='lat' dir='ltr'><strong>panem</strong></span> 
     </span>
     <span class='ocr_line' id='line_1_18' title="bbox 315 2281 1428 2366; baseline -0.005 -19"><span class='ocrx_word' id='word_1_118' title='bbox 315 2284 354 2348; x_wconf 91' lang='lat' dir='ltr'><strong>et</strong></span> <span class='ocrx_word' id='word_1_119' title='bbox 383 2282 533 2348; x_wconf 91' lang='lat' dir='ltr'><strong>biberit</strong></span> <span class='ocrx_word' id='word_1_120' title='bbox 561 2283 729 2350; x_wconf 85' lang='lat' dir='ltr'><strong>calicem</strong></span> <span class='ocrx_word' id='word_1_121' title='bbox 759 2284 908 2349; x_wconf 90' lang='lat' dir='ltr'><strong>domini</strong></span> <span class='ocrx_word' id='word_1_122' title='bbox 937 2285 1118 2366; x_wconf 83' lang='lat' dir='ltr'><strong>indigne,</strong></span> <span class='ocrx_word' id='word_1_123' title='bbox 1148 2300 1240 2346; x_wconf 87' lang='lat' dir='ltr'><strong>reus</strong></span> <span class='ocrx_word' id='word_1_124' title='bbox 1263 2281 1340 2346; x_wconf 88' lang='lat' dir='ltr'><strong>erit</strong></span> <span class='ocrx_word' id='word_1_125' title='bbox 1360 2297 1428 2343; x_wconf 89' lang='lat' dir='ltr'><strong>cor·</strong></span> 
     </span>
     <span class='ocr_line' id='line_1_19' title="bbox 313 2384 1429 2469; baseline -0.005 -19"><span class='ocrx_word' id='word_1_126' title='bbox 313 2389 420 2469; x_wconf 89' lang='lat' dir='ltr'><strong>poris</strong></span> <span class='ocrx_word' id='word_1_127' title='bbox 444 2391 485 2451; x_wconf 90' lang='lat' dir='ltr'><strong>et</strong></span> <span class='ocrx_word' id='word_1_128' title='bbox 507 2386 715 2469; x_wconf 85' lang='lat' dir='ltr'><strong>sanguinis</strong></span> <span class='ocrx_word' id='word_1_129' title='bbox 746 2387 906 2454; x_wconf 89' lang='lat' dir='ltr'><strong>domini.</strong></span> <span class='ocrx_word' id='word_1_130' title='bbox 944 2388 1082 2469; x_wconf 91' lang='lat' dir='ltr'><strong>probet</strong></span> <span class='ocrx_word' id='word_1_131' title='bbox 1103 2390 1230 2451; x_wconf 89' lang='lat' dir='ltr'><strong>autem</strong></span> <span class='ocrx_word' id='word_1_132' title='bbox 1253 2403 1293 2449; x_wconf 87' lang='lat' dir='ltr'><strong>se</strong></span> <span class='ocrx_word' id='word_1_133' title='bbox 1315 2384 1429 2468; x_wconf 86' lang='lat' dir='ltr'><strong>ipsun</strong></span> 
     </span>
     <span class='ocr_line' id='line_1_20' title="bbox 314 2487 1429 2573; baseline -0.005 -19"><span class='ocrx_word' id='word_1_134' title='bbox 314 2491 439 2573; x_wconf 93' lang='lat' dir='ltr'><strong>homo,</strong></span> <span class='ocrx_word' id='word_1_135' title='bbox 474 2491 511 2553; x_wconf 88' lang='lat' dir='ltr'><strong>et</strong></span> <span class='ocrx_word' id='word_1_136' title='bbox 544 2489 602 2554; x_wconf 85' lang='lat' dir='ltr'><strong>sic</strong></span> <span class='ocrx_word' id='word_1_137' title='bbox 630 2489 838 2562; x_wconf 84' lang='lat' dir='ltr'><strong>manducet</strong></span> <span class='ocrx_word' id='word_1_138' title='bbox 866 2491 911 2555; x_wconf 92' lang='lat' dir='ltr'><strong>de</strong></span> <span class='ocrx_word' id='word_1_139' title='bbox 938 2509 1039 2573; x_wconf 89' lang='lat' dir='ltr'><strong>pane</strong></span> <span class='ocrx_word' id='word_1_140' title='bbox 1066 2491 1141 2556; x_wconf 89' lang='lat' dir='ltr'><strong>illo</strong></span> <span class='ocrx_word' id='word_1_141' title='bbox 1168 2494 1206 2554; x_wconf 89' lang='lat' dir='ltr'><strong>et</strong></span> <span class='ocrx_word' id='word_1_142' title='bbox 1233 2489 1279 2554; x_wconf 83' lang='lat' dir='ltr'><strong>da</strong></span> <span class='ocrx_word' id='word_1_143' title='bbox 1311 2487 1429 2560; x_wconf 82' lang='lat' dir='ltr'><strong>calice</strong></span> 
     </span>
     <span class='ocr_line' id='line_1_21' title="bbox 283 2588 1455 2675; baseline -0.015 -12"><span class='ocrx_word' id='word_1_144' title='bbox 283 2591 435 2663; x_wconf 85' lang='lat' dir='ltr'><strong>3bibat.</strong></span> <span class='ocrx_word' id='word_1_145' title='bbox 491 2593 555 2675; x_wconf 89' lang='lat' dir='ltr'><strong>qui</strong></span> <span class='ocrx_word' id='word_1_146' title='bbox 599 2596 699 2659; x_wconf 91' lang='lat' dir='ltr'><strong>euim</strong></span> <span class='ocrx_word' id='word_1_147' title='bbox 736 2593 947 2659; x_wconf 88' lang='lat' dir='ltr'><strong>manducat</strong></span> <span class='ocrx_word' id='word_1_148' title='bbox 991 2599 1029 2658; x_wconf 89' lang='lat' dir='ltr'><strong>et</strong></span> <span class='ocrx_word' id='word_1_149' title='bbox 1075 2593 1178 2659; x_wconf 88' lang='lat' dir='ltr'><strong>bibit</strong></span> <span class='ocrx_word' id='word_1_150' title='bbox 1222 2609 1358 2675; x_wconf 91' lang='lat' dir='ltr'><strong>panem</strong></span> <span class='ocrx_word' id='word_1_151' title='bbox 1397 2588 1455 2650; x_wconf 78' lang='lat' dir='ltr'><strong>eta</strong></span> 
     </span>
     <span class='ocr_line' id='line_1_22' title="bbox 313 2692 1429 2780; baseline -0.006 -20"><span class='ocrx_word' id='word_1_152' title='bbox 313 2696 479 2761; x_wconf 88' lang='lat' dir='ltr'><strong>calicem</strong></span> <span class='ocrx_word' id='word_1_153' title='bbox 511 2696 661 2761; x_wconf 89' lang='lat' dir='ltr'><strong>domini</strong></span> <span class='ocrx_word' id='word_1_154' title='bbox 690 2698 869 2780; x_wconf 85' lang='lat' dir='ltr'><strong>indigne,</strong></span> <span class='ocrx_word' id='word_1_155' title='bbox 901 2698 1096 2763; x_wconf 88' lang='lat' dir='ltr'><strong>iudicium</strong></span> <span class='ocrx_word' id='word_1_156' title='bbox 1125 2696 1204 2762; x_wconf 88' lang='lat' dir='ltr'><strong>sibi</strong></span> <span class='ocrx_word' id='word_1_157' title='bbox 1231 2692 1429 2760; x_wconf 88' lang='lat' dir='ltr'><strong>manducat</strong></span> 
     </span>
     <span class='ocr_line' id='line_1_23' title="bbox 313 2797 1428 2883; baseline -0.004 -20"><span class='ocrx_word' id='word_1_158' title='bbox 313 2800 352 2864; x_wconf 90' lang='lat' dir='ltr'><strong>et</strong></span> <span class='ocrx_word' id='word_1_159' title='bbox 386 2797 491 2864; x_wconf 91' lang='lat' dir='ltr'><strong>bibit</strong></span> <span class='ocrx_word' id='word_1_160' title='bbox 524 2817 597 2864; x_wconf 92' lang='lat' dir='ltr'><strong>nou</strong></span> <span class='ocrx_word' id='word_1_161' title='bbox 631 2801 865 2867; x_wconf 89' lang='lat' dir='ltr'><strong>discernens</strong></span> <span class='ocrx_word' id='word_1_162' title='bbox 900 2819 1058 2883; x_wconf 85' lang='lat' dir='ltr'><strong>corpus,</strong></span> <span class='ocrx_word' id='word_1_163' title='bbox 1095 2800 1128 2866; x_wconf 92' lang='lat' dir='ltr'><strong>id</strong></span> <span class='ocrx_word' id='word_1_164' title='bbox 1161 2803 1210 2864; x_wconf 85' lang='lat' dir='ltr'><strong>est</strong></span> <span class='ocrx_word' id='word_1_165' title='bbox 1244 2812 1428 2880; x_wconf 88' lang='lat' dir='ltr'><strong>nequaqnam</strong></span> 
     </span>
     <span class='ocr_line' id='line_1_24' title="bbox 312 2903 1428 2970; baseline -0.004 -6"><span class='ocrx_word' id='word_1_166' title='bbox 312 2903 404 2968; x_wconf 92' lang='lat' dir='ltr'><strong>illum</strong></span> <span class='ocrx_word' id='word_1_167' title='bbox 421 2903 585 2969; x_wconf 88' lang='lat' dir='ltr'><strong>caelestem</strong></span> <span class='ocrx_word' id='word_1_168' title='bbox 602 2905 706 2970; x_wconf 90' lang='lat' dir='ltr'><strong>cibum</strong></span> <span class='ocrx_word' id='word_1_169' title='bbox 721 2924 740 2970; x_wconf 92' lang='lat' dir='ltr'><strong>a</strong></span> <span class='ocrx_word' id='word_1_170' title='bbox 756 2904 968 2970; x_wconf 90' lang='lat' dir='ltr'><strong>communium</strong></span> <span class='ocrx_word' id='word_1_171' title='bbox 984 2923 1124 2970; x_wconf 90' lang='lat' dir='ltr'><strong>escarum</strong></span> <span class='ocrx_word' id='word_1_172' title='bbox 1139 2903 1265 2968; x_wconf 89' lang='lat' dir='ltr'><strong>uilitate</strong></span> <span class='ocrx_word' id='word_1_173' title='bbox 1277 2914 1428 2966; x_wconf 86' lang='lat' dir='ltr'><strong>secernens</strong></span> 
     </span>
     <span class='ocr_line' id='line_1_25' title="bbox 313 3005 1428 3089; baseline -0.006 -20"><span class='ocrx_word' id='word_1_174' title='bbox 313 3023 370 3070; x_wconf 90' lang='lat' dir='ltr'><strong>nec</strong></span> <span class='ocrx_word' id='word_1_175' title='bbox 399 3005 497 3070; x_wconf 86' lang='lat' dir='ltr'><strong>talem</strong></span> <span class='ocrx_word' id='word_1_176' title='bbox 528 3024 593 3072; x_wconf 89' lang='lat' dir='ltr'><strong>esse</strong></span> <span class='ocrx_word' id='word_1_177' title='bbox 622 3007 806 3086; x_wconf 89' lang='lat' dir='ltr'><strong>diiudicans,</strong></span> <span class='ocrx_word' id='word_1_178' title='bbox 838 3026 929 3089; x_wconf 87' lang='lat' dir='ltr'><strong>quem</strong></span> <span class='ocrx_word' id='word_1_179' title='bbox 952 3025 1015 3072; x_wconf 91' lang='lat' dir='ltr'><strong>non</strong></span> <span class='ocrx_word' id='word_1_180' title='bbox 1037 3007 1097 3072; x_wconf 84' lang='lat' dir='ltr'><strong>nisi</strong></span> <span class='ocrx_word' id='word_1_181' title='bbox 1119 3025 1198 3089; x_wconf 87' lang='lat' dir='ltr'><strong>pura</strong></span> <span class='ocrx_word' id='word_1_182' title='bbox 1220 3005 1313 3070; x_wconf 78' lang='lat' dir='ltr'><strong>licoat</strong></span> <span class='ocrx_word' id='word_1_183' title='bbox 1335 3007 1428 3066; x_wconf 85' lang='lat' dir='ltr'><strong>mente</strong></span> 
     </span>
     <span class='ocr_line' id='line_1_26' title="bbox 312 3100 1454 3194; baseline -0.011 -20"><span class='ocrx_word' id='word_1_184' title='bbox 312 3109 363 3174; x_wconf 91' lang='lat' dir='ltr'><strong>uel</strong></span> <span class='ocrx_word' id='word_1_185' title='bbox 379 3107 471 3175; x_wconf 83' lang='lat' dir='ltr'><strong>c&#39;arne</strong></span> <span class='ocrx_word' id='word_1_186' title='bbox 487 3129 693 3194; x_wconf 88' lang='lat' dir='ltr'><strong>praesumere.</strong></span> <span class='ocrx_word' id='word_1_187' title='bbox 717 3111 847 3194; x_wconf 90' lang='lat' dir='ltr'><strong>denique</strong></span> <span class='ocrx_word' id='word_1_188' title='bbox 865 3111 975 3176; x_wconf 87' lang='lat' dir='ltr'><strong>infert:</strong></span> <span class='ocrx_word' id='word_1_189' title='bbox 998 3111 1086 3176; x_wconf 91' lang='lat' dir='ltr'><strong>ideo</strong></span> <span class='ocrx_word' id='word_1_190' title='bbox 1103 3110 1211 3174; x_wconf 87' lang='lat' dir='ltr'><strong>inter</strong></span> <span class='ocrx_word' id='word_1_191' title='bbox 1234 3125 1302 3173; x_wconf 90' lang='lat' dir='ltr'><strong>uos</strong></span> <span class='ocrx_word' id='word_1_192' title='bbox 1323 3100 1454 3171; x_wconf 80' lang='lat' dir='ltr'><strong>multia</strong></span> 
     </span>
     <span class='ocr_line' id='line_1_27' title="bbox 310 3207 1428 3294; baseline -0.005 -18"><span class='ocrx_word' id='word_1_193' title='bbox 310 3213 471 3278; x_wconf 91' lang='lat' dir='ltr'><strong>infirmi</strong></span> <span class='ocrx_word' id='word_1_194' title='bbox 502 3219 540 3278; x_wconf 90' lang='lat' dir='ltr'><strong>et</strong></span> <span class='ocrx_word' id='word_1_195' title='bbox 571 3213 778 3292; x_wconf 91' lang='lat' dir='ltr'><strong>inbecilli,</strong></span> <span class='ocrx_word' id='word_1_196' title='bbox 812 3219 848 3279; x_wconf 89' lang='lat' dir='ltr'><strong>et</strong></span> <span class='ocrx_word' id='word_1_197' title='bbox 880 3217 1079 3280; x_wconf 90' lang='lat' dir='ltr'><strong>dormiunt</strong></span> <span class='ocrx_word' id='word_1_198' title='bbox 1107 3211 1240 3290; x_wconf 91' lang='lat' dir='ltr'><strong>multi,</strong></span> <span class='ocrx_word' id='word_1_199' title='bbox 1267 3207 1428 3294; x_wconf 86' lang='lat' dir='ltr'><strong>spiritalem</strong></span> 
     </span>
     <span class='ocr_line' id='line_1_28' title="bbox 311 3312 1427 3399; baseline -0.006 -19"><span class='ocrx_word' id='word_1_200' title='bbox 311 3317 432 3381; x_wconf 89' lang='lat' dir='ltr'><strong>scilicet</strong></span> <span class='ocrx_word' id='word_1_201' title='bbox 459 3317 678 3383; x_wconf 85' lang='lat' dir='ltr'><strong>infirmitatem</strong></span> <span class='ocrx_word' id='word_1_202' title='bbox 707 3335 743 3381; x_wconf 92' lang='lat' dir='ltr'><strong>ac</strong></span> <span class='ocrx_word' id='word_1_203' title='bbox 772 3321 905 3382; x_wconf 90' lang='lat' dir='ltr'><strong>mortem</strong></span> <span class='ocrx_word' id='word_1_204' title='bbox 935 3337 972 3380; x_wconf 88' lang='lat' dir='ltr'><strong>ex</strong></span> <span class='ocrx_word' id='word_1_205' title='bbox 999 3317 1059 3382; x_wconf 92' lang='lat' dir='ltr'><strong>hac</strong></span> <span class='ocrx_word' id='word_1_206' title='bbox 1089 3314 1303 3399; x_wconf 87' lang='lat' dir='ltr'><strong>principaliter</strong></span> <span class='ocrx_word' id='word_1_207' title='bbox 1335 3312 1427 3377; x_wconf 85' lang='lat' dir='ltr'><strong>dicens</strong></span> 
     </span>
     <span class='ocr_line' id='line_1_29' title="bbox 310 3417 1426 3504; baseline -0.004 -20"><span class='ocrx_word' id='word_1_208' title='bbox 310 3422 560 3503; x_wconf 85' lang='lat' dir='ltr'><strong>praesumptione</strong></span> <span class='ocrx_word' id='word_1_209' title='bbox 589 3421 738 3504; x_wconf 74' lang='lat' dir='ltr'><strong>generari,</strong></span> <span class='ocrx_word' id='word_1_210' title='bbox 778 3420 872 3485; x_wconf 88' lang='lat' dir='ltr'><strong>multi</strong></span> <span class='ocrx_word' id='word_1_211' title='bbox 901 3421 996 3502; x_wconf 91' lang='lat' dir='ltr'><strong>enim,</strong></span> <span class='ocrx_word' id='word_1_212' title='bbox 1028 3421 1081 3504; x_wconf 85' lang='lat' dir='ltr'><strong>qui</strong></span> <span class='ocrx_word' id='word_1_213' title='bbox 1108 3438 1180 3484; x_wconf 92' lang='lat' dir='ltr'><strong>eum</strong></span> <span class='ocrx_word' id='word_1_214' title='bbox 1203 3417 1327 3482; x_wconf 89' lang='lat' dir='ltr'><strong>inlicita</strong></span> <span class='ocrx_word' id='word_1_215' title='bbox 1346 3431 1426 3480; x_wconf 87' lang='lat' dir='ltr'><strong>usur·</strong></span> 
     </span>
    </p>
   </div>
   <div class='ocr_carea' id='block_1_3' title="bbox 413 3605 1004 3671">
    <p class='ocr_par' dir='ltr' id='par_1_3' title="bbox 413 3605 1004 3671">
     <span class='ocr_line' id='line_1_30' title="bbox 413 3605 1004 3671; baseline 0 -11"><span class='ocrx_word' id='word_1_216' title='bbox 413 3607 445 3660; x_wconf 90' lang='grc'><strong>16</strong></span> <span class='ocrx_word' id='word_1_217' title='bbox 463 3607 477 3660; x_wconf 94' lang='lat'>1</span> <span class='ocrx_word' id='word_1_218' title='bbox 495 3607 554 3661; x_wconf 84' lang='lat' dir='ltr'><strong>Cor.</strong></span> <span class='ocrx_word' id='word_1_219' title='bbox 574 3607 615 3671; x_wconf 88' lang='lat'><strong>11,</strong></span> <span class='ocrx_word' id='word_1_220' title='bbox 633 3606 736 3660; x_wconf 78' lang='lat'><strong>27-29</strong></span> <span class='ocrx_word' id='word_1_221' title='bbox 807 3645 810 3652; x_wconf 85' lang='lat'>.</span> <span class='ocrx_word' id='word_1_222' title='bbox 840 3606 909 3659; x_wconf 77' lang='lat'>251.</span> <span class='ocrx_word' id='word_1_223' title='bbox 928 3621 949 3659; x_wconf 91' lang='lat' dir='ltr'><strong>c.</strong></span> <span class='ocrx_word' id='word_1_224' title='bbox 969 3605 1004 3660; x_wconf 82' lang='lat'><strong>30</strong></span> 
     </span>
    </p>
   </div>
   <div class='ocr_carea' id='block_1_4' title="bbox 306 3766 1426 4449">
    <p class='ocr_par' dir='ltr' id='par_1_4' title="bbox 306 3766 1426 4449">
     <span class='ocr_line' id='line_1_31' title="bbox 362 3766 1426 3831; baseline -0.005 -4"><span class='ocrx_word' id='word_1_225' title='bbox 362 3775 377 3827; x_wconf 79' lang='lat'><strong>7</strong></span> <span class='ocrx_word' id='word_1_226' title='bbox 400 3775 429 3827; x_wconf 90' lang='lat' dir='ltr'><strong>in</strong></span> <span class='ocrx_word' id='word_1_227' title='bbox 453 3775 530 3829; x_wconf 84' lang='lat' dir='ltr'><strong>nobis</strong></span> <span class='ocrx_word' id='word_1_228' title='bbox 555 3775 578 3831; x_wconf 91' lang='lat' dir='ltr'><strong><em>O</em></strong></span> <span class='ocrx_word' id='word_1_229' title='bbox 679 3775 855 3829; x_wconf 73' lang='lat' dir='ltr'><strong>bcustodiae</strong></span> <span class='ocrx_word' id='word_1_230' title='bbox 872 3775 967 3829; x_wconf 61' lang='lat' dir='ltr'><strong>Bw:</strong></span> <span class='ocrx_word' id='word_1_231' title='bbox 998 3775 1120 3828; x_wconf 87' lang='lat' dir='ltr'><strong>custodia</strong></span> <span class='ocrx_word' id='word_1_232' title='bbox 1138 3775 1218 3828; x_wconf 67' lang='grc' dir='ltr'><strong>ΒΨ</strong></span> <span class='ocrx_word' id='word_1_233' title='bbox 1246 3766 1426 3830; x_wconf 71' lang='lat' dir='ltr'><strong>custodituro</strong></span> 
     </span>
     <span class='ocr_line' id='line_1_32' title="bbox 308 3856 1425 3930; baseline -0.002 -14"><span class='ocrx_word' id='word_1_234' title='bbox 308 3859 361 3930; x_wconf 69' lang='grc' dir='ltr'><strong>βυτ</strong></span> <span class='ocrx_word' id='word_1_235' title='bbox 389 3861 473 3926; x_wconf 82' lang='lat' dir='ltr'><strong>ctcf.</strong></span> <span class='ocrx_word' id='word_1_236' title='bbox 493 3861 916 3930; x_wconf 76' lang='lat' dir='ltr'><strong>eap.1o,1etxx111,o‚1</strong></span> <span class='ocrx_word' id='word_1_237' title='bbox 1030 3856 1425 3930; x_wconf 81' lang='lat' dir='ltr'><strong>loaliquam..1leanpul·</strong></span> 
     </span>
     <span class='ocr_line' id='line_1_33' title="bbox 309 3943 1424 4016; baseline 0 -18"><span class='ocrx_word' id='word_1_238' title='bbox 309 3945 377 4013; x_wconf 86' lang='lat' dir='ltr'><strong>sam]</strong></span> <span class='ocrx_word' id='word_1_239' title='bbox 404 3947 452 3998; x_wconf 86' lang='lat' dir='ltr'><strong>ant</strong></span> <span class='ocrx_word' id='word_1_240' title='bbox 475 3947 595 4000; x_wconf 83' lang='lat' dir='ltr'><strong>naturali</strong></span> <span class='ocrx_word' id='word_1_241' title='bbox 619 3947 780 4000; x_wconf 76' lang='lat' dir='ltr'><strong>necessitate</strong></span> <span class='ocrx_word' id='word_1_242' title='bbox 803 3947 939 4016; x_wconf 81' lang='lat' dir='ltr'><strong>profusam</strong></span> <span class='ocrx_word' id='word_1_243' title='bbox 959 3947 1125 4016; x_wconf 88' lang='lat' dir='ltr'><strong>(propulsam</strong></span> <span class='ocrx_word' id='word_1_244' title='bbox 1141 3951 1170 4012; x_wconf 83' lang='grc' dir='ltr'><strong>υ)</strong></span> <span class='ocrx_word' id='word_1_245' title='bbox 1187 3948 1227 4016; x_wconf 76' lang='grc' dir='ltr'><strong>βυ</strong></span> <span class='ocrx_word' id='word_1_246' title='bbox 1243 3948 1280 4015; x_wconf 68' lang='lat' dir='ltr'><strong>cs.</strong></span> <span class='ocrx_word' id='word_1_247' title='bbox 1298 3962 1356 4015; x_wconf 72' lang='lat' dir='ltr'><strong>cup</strong></span> <span class='ocrx_word' id='word_1_248' title='bbox 1372 3943 1424 4006; x_wconf 75' lang='grc'><strong>6,4</strong></span> 
     </span>
     <span class='ocr_line' id='line_1_34' title="bbox 308 4031 1423 4103; baseline -0.001 -16"><span class='ocrx_word' id='word_1_249' title='bbox 308 4039 334 4087; x_wconf 76' lang='lat' dir='ltr'><strong>et</strong></span> <span class='ocrx_word' id='word_1_250' title='bbox 353 4037 377 4086; x_wconf 85' lang='lat'><strong>5.</strong></span> <span class='ocrx_word' id='word_1_251' title='bbox 396 4031 469 4097; x_wconf 85' lang='lat' dir='ltr'><strong>XII,</strong></span> <span class='ocrx_word' id='word_1_252' title='bbox 487 4035 552 4096; x_wconf 62' lang='lat'><strong>&amp;2</strong></span> <span class='ocrx_word' id='word_1_253' title='bbox 656 4035 689 4088; x_wconf 82' lang='lat'><strong>14</strong></span> <span class='ocrx_word' id='word_1_254' title='bbox 706 4035 770 4088; x_wconf 85' lang='lat' dir='ltr'><strong>baec</strong></span> <span class='ocrx_word' id='word_1_255' title='bbox 788 4050 838 4088; x_wconf 83' lang='lat' dir='ltr'><strong>om.</strong></span> <span class='ocrx_word' id='word_1_256' title='bbox 856 4034 916 4088; x_wconf 80' lang='lat' dir='ltr'><strong>BF</strong></span> <span class='ocrx_word' id='word_1_257' title='bbox 1017 4036 1144 4103; x_wconf 74' lang='lat' dir='ltr'><strong>regesta</strong></span> <span class='ocrx_word' id='word_1_258' title='bbox 1159 4033 1191 4088; x_wconf 84' lang='lat' dir='ltr'><em>F</em></span> <span class='ocrx_word' id='word_1_259' title='bbox 1292 4033 1324 4087; x_wconf 81' lang='lat'><strong>16</strong></span> <span class='ocrx_word' id='word_1_260' title='bbox 1341 4041 1423 4099; x_wconf 72' lang='lat' dir='ltr'><strong>panon</strong></span> 
     </span>
     <span class='ocr_line' id='line_1_35' title="bbox 308 4117 1421 4190; baseline 0.002 -16"><span class='ocrx_word' id='word_1_261' title='bbox 308 4135 358 4174; x_wconf 71' lang='lat' dir='ltr'><strong>om·</strong></span> <span class='ocrx_word' id='word_1_262' title='bbox 382 4119 409 4174; x_wconf 89' lang='lat' dir='ltr'>B</span> <span class='ocrx_word' id='word_1_263' title='bbox 520 4120 552 4174; x_wconf 85' lang='grc'><strong>18</strong></span> <span class='ocrx_word' id='word_1_264' title='bbox 575 4127 663 4174; x_wconf 83' lang='lat' dir='ltr'><strong>autern</strong></span> <span class='ocrx_word' id='word_1_265' title='bbox 686 4119 756 4175; x_wconf 85' lang='lat' dir='ltr'><strong>BF:</strong></span> <span class='ocrx_word' id='word_1_266' title='bbox 788 4119 903 4189; x_wconf 90' lang='lat' dir='ltr'><strong>primum</strong></span> <span class='ocrx_word' id='word_1_267' title='bbox 930 4120 953 4177; x_wconf 90' lang='lat'><em>0</em></span> <span class='ocrx_word' id='word_1_268' title='bbox 982 4124 1074 4176; x_wconf 66' lang='lat' dir='ltr'><strong>summ</strong></span> <span class='ocrx_word' id='word_1_269' title='bbox 1096 4122 1215 4190; x_wconf 88' lang='lat' dir='ltr'><strong>primum</strong></span> <span class='ocrx_word' id='word_1_270' title='bbox 1238 4121 1277 4190; x_wconf 69' lang='lat' dir='ltr'><strong>flu</strong></span> <span class='ocrx_word' id='word_1_271' title='bbox 1373 4117 1421 4184; x_wconf 63' lang='lat'><strong>11¹⁰</strong></span> 
     </span>
     <span class='ocr_line' id='line_1_36' title="bbox 310 4205 1417 4277; baseline -0.005 -15"><span class='ocrx_word' id='word_1_272' title='bbox 310 4205 354 4276; x_wconf 79' lang='grc' dir='ltr'><strong>Οβ</strong></span> <span class='ocrx_word' id='word_1_273' title='bbox 442 4207 473 4260; x_wconf 87' lang='grc'><strong>19</strong></span> <span class='ocrx_word' id='word_1_274' title='bbox 491 4207 573 4260; x_wconf 76' lang='lat' dir='ltr'><strong>uteie</strong></span> <span class='ocrx_word' id='word_1_275' title='bbox 590 4206 629 4260; x_wconf 92' lang='lat' dir='ltr'><strong>B¹</strong></span> <span class='ocrx_word' id='word_1_276' title='bbox 716 4207 1203 4277; x_wconf 65' lang='lat' dir='ltr'><strong>dopanem...2ldominiom.do</strong></span> <span class='ocrx_word' id='word_1_277' title='bbox 1288 4205 1417 4269; x_wconf 68' lang='lat' dir='ltr'><strong>ausona</strong></span> 
     </span>
     <span class='ocr_line' id='line_1_37' title="bbox 307 4280 1415 4362; baseline 0.003 -18"><span class='ocrx_word' id='word_1_278' title='bbox 307 4289 398 4360; x_wconf 70' lang='lat' dir='ltr'><strong>aaa</strong></span> <span class='ocrx_word' id='word_1_279' title='bbox 424 4307 516 4360; x_wconf 72' lang='lat' dir='ltr'><strong>eorpus</strong></span> <span class='ocrx_word' id='word_1_280' title='bbox 534 4290 580 4345; x_wconf 75' lang='lat' dir='ltr'><strong>mi</strong></span> <span class='ocrx_word' id='word_1_281' title='bbox 602 4292 645 4346; x_wconf 79' lang='lat' dir='ltr'><strong>ca</strong></span> <span class='ocrx_word' id='word_1_282' title='bbox 731 4291 764 4345; x_wconf 82' lang='lat' dir='ltr'><strong>aa</strong></span> <span class='ocrx_word' id='word_1_283' title='bbox 783 4293 920 4348; x_wconf 65' lang='lat' dir='ltr'><strong>innarenn</strong></span> <span class='ocrx_word' id='word_1_284' title='bbox 937 4294 964 4348; x_wconf 82' lang='grc' dir='ltr'><strong><em>Β</em></strong></span> <span class='ocrx_word' id='word_1_285' title='bbox 990 4280 1186 4362; x_wconf 65' lang='lat' dir='ltr'><strong>imm-incus</strong></span> <span class='ocrx_word' id='word_1_286' title='bbox 1204 4293 1273 4348; x_wconf 77' lang='lat' dir='ltr'><strong>mn</strong></span> <span class='ocrx_word' id='word_1_287' title='bbox 1350 4286 1415 4356; x_wconf 71' lang='lat' dir='ltr'><strong>nio·</strong></span> 
     </span>
     <span class='ocr_line' id='line_1_38' title="bbox 306 4377 1359 4449; baseline 0.001 -19"><span class='ocrx_word' id='word_1_288' title='bbox 306 4377 609 4431; x_wconf 85' lang='lat' dir='ltr'><strong>tales...inflrmitates</strong></span> <span class='ocrx_word' id='word_1_289' title='bbox 629 4379 695 4447; x_wconf 81' lang='grc' dir='ltr'><strong>Οβυ</strong></span> <span class='ocrx_word' id='word_1_290' title='bbox 791 4380 826 4432; x_wconf 82' lang='grc'><strong>27</strong></span> <span class='ocrx_word' id='word_1_291' title='bbox 843 4383 943 4434; x_wconf 86' lang='lat' dir='ltr'><strong>mortes</strong></span> <span class='ocrx_word' id='word_1_292' title='bbox 962 4380 1027 4449; x_wconf 79' lang='grc' dir='ltr'><strong>Οβυ</strong></span> <span class='ocrx_word' id='word_1_293' title='bbox 1120 4380 1271 4449; x_wconf 82' lang='lat' dir='ltr'><strong>specialiter</strong></span> <span class='ocrx_word' id='word_1_294' title='bbox 1289 4377 1359 4447; x_wconf 72' lang='lat' dir='ltr'><strong>0²flo</strong></span> 
     </span>
    </p>
   </div>
   <div class='ocr_carea' id='block_1_5' title="bbox 0 0 1550 4967">
    <p class='ocr_par' dir='ltr' id='par_1_5' title="bbox 0 0 1550 4967">
     <span class='ocr_line' id='line_1_39' title="bbox 0 0 1550 4967; baseline 0 4"><span class='ocrx_word' id='word_1_295' title='bbox 0 0 1550 4967; x_wconf 95' lang='lat' dir='ltr'><strong> </strong></span> 
     </span>
    </p>
   </div>
  </div>
 </body>
</html>
