3092 4967
318 426 382 493 208
711 423 877 481 iohannis
894 423 1053 481 Cassiani

317 616 419 680 solum
442 634 637 699 nequaquam
661 614 870 699 despiciemus
893 632 955 693 eos,
984 614 1038 679 aed
1060 615 1156 679 etiam
1178 630 1235 695 pro
1256 612 1335 694 ipsis
1359 614 1442 679 tam·

317 735 411 800 quam
440 738 495 801 pro
523 718 674 785 membris
704 718 819 783 nostris
841 718 1032 785 incessanter
1057 718 1215 783 orabimus
1239 719 1345 798 eisque
1368 716 1443 783 totis

316 820 485 888 uisceribns
507 841 542 887 ac
563 822 656 906 pleno
678 822 894 904 conpatiemnr
921 820 1045 887 adfectu
1073 820 1158 906 (cum
1180 822 1262 885 enim
1285 820 1443 903 patitur

315 942 431 989 unum
470 925 700 1005 membrum,
744 926 1035 1007 conpatiuntur
1071 924 1202 990 omnia
1238 925 1442 1003 membra),

314 1028 448 1093 scientes
476 1046 531 1094 nos
561 1029 677 1112 absque
704 1029 769 1095 illis
797 1031 905 1114 utpote
933 1027 1083 1095 membris
1112 1027 1229 1095 nostris
1255 1027 1468 1093 omnimodisr

286 1132 521 1205 ,consummari
549 1150 611 1198 non
639 1150 740 1216 posue,
764 1130 1027 1216 quemadmodum
1053 1131 1187 1214 legimus
1209 1151 1247 1197 ne
1270 1130 1441 1197 anteriores

313 1234 440 1315 quidem
469 1238 592 1301 nostros
619 1236 688 1301 sine
716 1235 805 1302 uobis
833 1234 1083 1320 repromissionis
1114 1252 1270 1299 summam
1294 1232 1440 1316 consequi

313 1338 461 1420 potuisse,
495 1338 543 1403 ita
573 1340 612 1405 de
640 1338 707 1405 illis
736 1338 877 1423 apostolo
905 1336 1143 1423 pronuntiante:
1175 1342 1213 1402 et
1241 1337 1279 1403 hi
1310 1355 1440 1403 omues

311 1440 547 1509 testimonio
576 1442 678 1508 fidei
706 1443 945 1525 conprobati
979 1460 1051 1507 non
1084 1442 1327 1523 acceperunt
1356 1458 1439 1523 pro-

311 1542 537 1626 missiones,
574 1548 644 1612 deo
679 1564 746 1628 pro
783 1546 897 1611 nobie
934 1543 1076 1610 melius
1118 1542 1273 1626 aliquid
1311 1544 1466 1627 proni-u

281 1647 443 1731 2dente,
466 1666 510 1713 ne
532 1647 616 1714 eine
639 1650 751 1715 nobie
773 1651 1151 1715 consummarentur.
1187 1645 1438 1713 communionem

310 1767 383 1814 uero
405 1751 450 1816 eie
472 1755 702 1818 sacrosanctam
724 1771 893 1836 numquam
909 1751 1110 1817 meminimus
1126 1751 1340 1817 interdictam:
1366 1751 1437 1833 quin

310 1852 407 1917 humo
429 1854 457 1918 si
478 1855 623 1937 possibile
645 1860 728 1921 esset
750 1856 848 1922 etiam
871 1855 984 1921 cotidie
1006 1858 1050 1921 eis
1072 1855 1215 1937 inpertiri
1237 1872 1306 1919 eam
1327 1850 1437 1920 debere

310 1955 487 2023 censebant.
525 1978 582 2024 uec
613 1960 696 2024 enim
729 1960 901 2025 secuudum
930 1958 1117 2025 sententiam
1146 1958 1313 2043 euangelii,
1344 1975 1436 2041 quarn

309 2058 479 2144 incongrue
511 2062 584 2127 huic
616 2066 720 2127 sensui
754 2061 939 2147 coaptastis:
974 2062 1101 2128 nolite
1135 2063 1227 2128 dare
1254 2061 1463 2127 sauctumu

309 2163 494 2247 canibus,
525 2166 564 2231 ad
587 2165 748 2232 daemonis
770 2184 873 2232 cacam
899 2167 1098 2232 sacrosancta
1119 2164 1297 2231 communio
1321 2168 1354 2229 et
1377 2181 1434 2228 non

308 2266 413 2349 potius
443 2267 483 2332 ad
513 2272 731 2351 purgationem
759 2287 796 2335 ac
829 2268 963 2335 tutelam
991 2269 1127 2352 corporis
1156 2269 1338 2349 animaeque
1369 2284 1434 2351 per·

308 2370 414 2435 uenire
451 2373 606 2438 credenda
642 2374 700 2438 eet.
744 2391 825 2457 quae
858 2374 898 2441 ab
932 2372 1057 2439 homine
1094 2372 1243 2456 percepta
1276 2389 1351 2436 enm
1384 2369 1433 2452 qai

307 2473 456 2539 membris
483 2475 550 2541 cius
578 2476 695 2541 insidet
721 2476 867 2559 spiritum
895 2476 1010 2542 souin
1039 2475 1115 2558 ipsis
1152 2475 1277 2540 latitare
1306 2477 1432 2539 conatur

277 2576 396 2646 3uelut
428 2579 563 2660 quodam
597 2598 728 2645 exurens
764 2580 856 2663 fugat
888 2578 1041 2645 incendio.
1086 2580 1143 2644 hoc
1176 2595 1310 2661 namque
1345 2578 1460 2641 monos

307 2684 509 2767 curatum—et
536 2682 683 2748 abbatem
711 2683 925 2749 Andronicum
958 2701 1057 2766 nuper
1084 2680 1262 2764 aspeximus
1295 2682 1431 2763 aliosque

307 2782 481 2866 conplures.
520 2785 620 2869 magis
643 2787 728 2851 enim
751 2803 788 2851 ac
810 2786 911 2870 magis
938 2785 1084 2851 iuimicus
1106 2785 1275 2851 insultabit
1297 2783 1429 2860 obsesso,

283 2876 378 2950 ‘cum
407 2905 477 2951 eum
505 2906 524 2952 a
551 2888 679 2954 caelesti
709 2888 864 2954 medicina
896 2889 1011 2955 uiderit
1038 2886 1248 2974 segregatum,
1283 2890 1429 2969 tantoque

305 2988 403 3055 dirius
437 3006 474 3055 ac
505 2988 700 3074 frequentius
733 2992 951 3077 adtemptabit,
980 2994 1098 3076 quanto
1128 3009 1198 3059 eum
1227 2990 1267 3057 ab
1294 2988 1426 3074 spiritali
1523 3000 1524 3058 t

304 3092 440 3158 remedio
461 3092 586 3177 lougius
608 3096 738 3159 senserit
760 3095 948 3161 abdicatum.
1435 3110 1458 3151 ¹⁶
1522 3098 1523 3153 i

347 3212 463 3278 XXXI.
479 3212 626 3279 Getarum
642 3214 691 3279 illi
705 3219 780 3281 sunt
794 3234 866 3281 nere
881 3216 990 3283 miseri
1006 3235 1042 3283 ac
1053 3216 1247 3282 miserabiles
1259 3212 1426 3296 iudicandi,

304 3316 359 3398 qni
381 3334 453 3381 cum
474 3334 507 3383 se
533 3316 689 3382 uniuersis
710 3317 896 3383 criminibus
918 3318 1112 3403 flagitiisque
1127 3319 1350 3395 contaminent,
1365 3334 1424 3381 non

303 3418 406 3483 solum
428 3419 550 3513 nullum
573 3419 742 3487 nisibiliter
763 3422 798 3487 in
819 3424 864 3487 eis
887 3423 1012 3507 signum
1036 3422 1207 3489 diabolicae
1222 3420 1425 3506 subpletiouis

405 3640 531 3697 3lCor.
550 3642 591 3709 12,
609 3643 643 3697 26
745 3646 763 3699 8
781 3644 861 3699 Hebr.
881 3647 920 3713 ll,
939 3646 1042 3703 39-40
1145 3648 1178 3702 15
1195 3647 1246 3701 Mt.
1265 3646 1289 3711 i,
1307 3645 1323 3699 6

354 3844 372 3897 3
396 3846 581 3915 conpatiamnr
609 3848 634 3903 0
733 3850 751 3903 b
778 3852 875 3919 utpute
899 3850 979 3907 VPX
1081 3854 1098 3907 6
1124 3854 1277 3908 conanmari
1299 3849 1358 3907 WO

302 3928 317 3981 7
336 3932 446 3985 nosnos
465 3930 491 3987 V
572 3932 648 3987 etii
669 3933 761 3991 ΟΡΧι
847 3937 1064 3992 9testimonium
1081 3936 1128 3992 W¹
1215 3938 1368 4007 acciperunt
1381 3930 1422 3986 D¹

307 4013 389 4069 W¹P
489 4018 705 4086 repromissiones
731 4020 888 4077 DWOPX
991 4024 1023 4077 10
1049 4024 1114 4078 adeo
1142 4023 1166 4077 V
1270 4024 1302 4079 13
1318 4018 1424 4077 cottidie

300 4098 331 4155 D
412 4101 542 4171 inpertire
558 4104 599 4158 D¹
683 4107 718 4160 14
734 4108 908 4163 recensebant
924 4108 965 4162 Βι
1051 4108 1085 4163 ’16
1102 4110 1235 4179 coaptatis
1256 4105 1359 4167 W¹PX

301 4188 334 4242 17
352 4186 476 4243 tabellam
497 4189 591 4247 VWP
686 4191 721 4246 20
738 4196 838 4262 purget
858 4192 882 4249 0
983 4194 1018 4248 22
1035 4195 1152 4251 inimicis
1168 4196 1211 4250 D¹
1241 4194 1367 4266 iniquiter
1385 4188 1425 4245 W

299 4286 370 4328 corr.
474 4276 508 4330 23
531 4276 645 4331 caeleste
665 4276 707 4331 D·
810 4278 845 4333 24
867 4278 1047 4349 adtemptauit
1063 4281 1104 4335 D¹
1209 4282 1243 4337 ab
1259 4274 1423 4337 DWOPX=

299 4373 316 4413 a
337 4358 363 4413 V
462 4361 497 4415 26
513 4360 590 4416 XXX
612 4361 649 4418 W
751 4364 786 4417 28
803 4366 827 4417 ei
844 4364 887 4418 Β*
