3092 4967
247 455 313 520 470
638 453 804 507 Iohannis
823 453 979 507 Cussiuui

248 645 468 709 conmodorum
491 646 593 724 potest
615 643 753 708 eondioio
777 647 899 711 usstrss
921 645 1093 727 sponsionis
1116 644 1250 728 impleri,
1275 645 1374 710 setius

248 747 296 812 est
328 746 386 811 hoo
411 764 467 810 uos
497 746 651 813 meudsoii
680 744 732 811 usl
760 764 820 813 nou
855 748 990 830 inpletoe
1021 745 1235 830 promissionis
1269 747 1374 813 subire

248 850 454 931 dispendium,
487 852 566 932 quod
600 851 698 916 semol
729 851 931 934 praeteritum
965 869 1020 915 neo
1050 851 1155 935 ipsum
1188 851 1274 918 ultre
1312 854 1382 917 ism-

248 954 346 1036 rspeti
375 973 432 1019 nso
459 954 521 1020 ulis
549 973 606 1037 per
632 957 733 1020 semet
758 955 872 1037 poterit
895 971 1042 1038 generare
1065 955 1203 1036 possete,
1228 973 1323 1037 quam
1341 955 1376 1020 iu

249 1055 328 1121 illud
350 1058 485 1123 insidere
507 1074 561 1140 per
583 1057 664 1142 quod
688 1055 853 1141 tepidioris
869 1057 953 1122 uitse
968 1059 1005 1122 ut
1020 1054 1126 1122 dicitis
1141 1059 1243 1123 sistus
1262 1057 1376 1124 ootidi·
1396 1077 1409 1117 s

217 1158 309 1225 4eno
332 1177 387 1225 uos
410 1163 505 1243 etque
528 1159 756 1227 interminabili
786 1159 914 1226 adfinist
938 1160 1137 1226 detrimento.
1175 1161 1377 1228 uonisbiliter

249 1266 342 1342 enim,
363 1265 460 1331 immo
478 1283 552 1331 uero
568 1266 664 1331 etism
680 1265 878 1330 mudsbiliter
893 1263 1032 1330 definitio
1046 1265 1174 1330 iussuts
1187 1265 1375 1348 mutabitur,

248 1368 277 1432 si
297 1367 338 1432 ed
358 1367 564 1434 salubriorem
587 1370 725 1434 transeut
745 1371 878 1452 purtem,
909 1387 965 1434 nee
996 1369 1193 1434 ooustsntiue
1214 1370 1376 1450 praeueti-

248 1469 339 1550 ostio,
368 1470 422 1536 sed
451 1471 640 1537 temeritatis
669 1470 843 1537 emendatio
873 1489 939 1536 osse
968 1472 1120 1538 oredsuds
1148 1472 1203 1555 est,
1231 1473 1375 1554 quotiens

247 1572 369 1656 sponsio
397 1575 509 1640 uitiosa
537 1576 713 1657 corrigitur.
758 1593 836 1658 quse
867 1577 972 1640 omnia
999 1576 1225 1658 seripturarum
1253 1593 1411 1658 quoquere

247 1680 377 1759 possunt
399 1677 586 1743 testimoniis
609 1678 805 1760 apertissimo
832 1675 1024 1759 oonprobsri,
1041 1695 1133 1761 quum
1150 1679 1261 1744 multis
1279 1679 1377 1744 otium

248 1779 387 1846 letaliter
410 1781 538 1846 oossorit
560 1782 679 1846 statute
700 1781 858 1863 couplesse
880 1781 912 1846 et
934 1798 950 1844 e
973 1783 1124 1848 oontrerio
1147 1800 1241 1865 quum
1264 1782 1377 1848 multis

249 1884 356 1950 eodem
379 1884 530 1968 refugisse
552 1886 735 1952 ooumodum
759 1886 853 1952 luerit
876 1904 913 1952 ee
935 1887 1068 1954 salubre.

292 2005 398 2070 VIIII.
421 2006 510 2087 Quod
533 2009 700 2090 utrumque
721 2007 930 2091 liquidissime
956 2007 1057 2073 ssueti
1082 2006 1214 2088 apostoli
1238 2006 1328 2071 Petri
1344 2009 1376 2072 et

248 2109 381 2174 Herodis
402 2111 543 2193 exemplo
568 2111 736 2176 testentur.
773 2111 829 2176 ille
851 2113 935 2176 enim
958 2109 1189 2194 quisdisoessit
1203 2128 1223 2175 o
1236 2107 1409 2174 definiti-u
1527 2135 1528 2154 .

248 2230 306 2276 one
329 2213 502 2278 sententies
523 2231 616 2296 quum
639 2214 729 2278 uelut
750 2219 941 2279 sacramento
957 2213 1136 2279 firmauerst
1152 2212 1277 2278 diosus:
1302 2230 1376 2278 non

188 2308 192 2317 ’
249 2317 347 2382 mihi
380 2317 537 2382 leuabis
575 2316 692 2398 pedes
724 2318 762 2382 in
796 2320 1015 2394 aeteruum,
1049 2317 1216 2382 inmortnle
1253 2315 1375 2381 illusisti

249 2420 436 2485 oonsortium
470 2423 673 2505 promeretur,
707 2421 913 2488 sbsoideudus
945 2422 1053 2504 prooul
1086 2420 1179 2487 dubio
1212 2421 1252 2485 sb
1282 2420 1375 2486 huius

248 2522 451 2588 beatitudinis
474 2525 586 2608 gretie,
609 2525 638 2590 si
659 2524 694 2588 iu
717 2526 869 2591 sermonis
891 2527 940 2590 sui
961 2523 1171 2590 obstiustious
1194 2523 1375 2589 mansisset.

248 2625 301 2691 hio
328 2643 401 2691 uero
430 2626 524 2692 fidem
553 2628 721 2693 iuoonsulti
748 2630 885 2694 retinens
920 2629 1108 2694 sacrementi
1137 2626 1409 2705 cruentissimusrp

248 2730 456 2810 prseoursoris
481 2731 598 2795 domini
620 2730 727 2795 ostitit
740 2730 946 2814 interemptor
961 2747 1101 2813 uanoque
1116 2731 1228 2795 timore
1244 2729 1375 2811 periurii

249 2833 438 2898 damnationi
471 2837 570 2898 semet
603 2835 705 2915 ipsum
738 2838 832 2918 utque
869 2834 1029 2919 suppliciis
1063 2836 1228 2916 perpetuus
1262 2831 1375 2898 mortis

248 2936 402 3000 inmersit.
439 2937 472 3000 in
502 2937 646 3002 omnibus
675 2957 748 3020 ergo
779 2937 873 3004 rebus
902 2938 1143 3004 considerandus
1176 2939 1225 3002 est
1247 2935 1320 3001 finis
1344 2940 1376 3000 st

249 3040 418 3105 seeundum
448 3059 520 3106 eum
549 3041 698 3124 propositi
727 3043 827 3107 nostri
855 3042 1037 3126 dirigendus
1060 3043 1108 3107 est
1131 3057 1256 3107 sursus:
1281 3055 1374 3122 quem

249 3145 275 3208 si
311 3144 549 3226 superueniente
585 3144 757 3210 sulubriore
795 3145 923 3211 oonsilio
962 3144 1000 3209 sd
1032 3143 1217 3210 deteriorem
1251 3143 1407 3226 portemur

249 3263 375 3330 uergere
397 3245 577 3330 uiderimus,
604 3249 720 3314 sestius
742 3251 789 3314 est
804 3247 974 3332 incongrue
990 3245 1214 3313 constitutione
1230 3244 1376 3311 submotu

250 3350 289 3414 sd
319 3351 479 3417 meliorem
507 3351 642 3416 transire
675 3351 865 3418 sententium
895 3369 989 3433 quam
1019 3351 1150 3416 statutis
1173 3348 1375 3432 pertinuoiter

248 3452 437 3519 inhaerendo
458 3456 593 3538 peeoutis
614 3453 811 3538 grauioribus
834 3453 975 3539 obligari.

353 3711 386 3764 16
404 3710 463 3764 lob.
482 3711 523 3776 13,
540 3712 558 3766 8

306 3951 457 4006 leonditio
475 3951 534 4003 ΠΤ
617 3951 680 4006 diu
699 3950 823 4005 oss-'1¹0
909 3948 1062 4003 biuosdere
1079 3947 1112 4000 i'¹
1200 3950 1267 4001 sott
1284 3947 1309 3998 ‘l'

251 4037 481 4093 bdetrimentum
497 4038 538 4090 11¹
630 4037 734 4091 terrim
751 4051 802 4090 om.
821 4037 846 4089 Ψ
934 4033 1070 4103 resumpt
1088 4035 1117 4085 Σ
1208 4033 1373 4102 Sportrsus·

251 4127 295 4178 sst
317 4123 347 4175 ll
448 4122 592 4193 equester
614 4123 648 4175 t'¹
752 4123 788 4176 14
808 4137 865 4177 non
882 4121 1028 4192 distiopoit
1052 4121 1077 4172 i'
1177 4122 1207 4172 st
1225 4117 1330 4173 herodis
1346 4119 1374 4171 st

252 4211 281 4260 Σ
308 4214 335 4263 st
352 4209 440 4263 erodis
458 4207 505 4262 buo
523 4208 585 4262 iude
602 4207 742 4262 truditoris
759 4207 793 4271 0,
811 4205 845 4261 de
862 4223 915 4276 quo
932 4206 969 4272 es.
988 4205 1180 4275 Proiepomeno
1266 4203 1298 4258 18
1316 4217 1373 4270 pro·

252 4298 397 4349 mereretur
414 4295 450 4346 Ψ·
534 4293 568 4347 sd
586 4295 625 4346 ΠΙ
710 4291 910 4347 windensulto
923 4293 962 4343 Π·
1047 4287 1309 4346 ordonidem

252 4378 404 4433 exstitisti
500 4380 656 4434 interemtos
674 4380 732 4432 ΣΟ
