3092 4967
497 477 659 535 Gonlstio
682 479 881 545 1111,1e-ao.
1194 480 1257 549 115

121 670 283 735 dominum
306 668 464 744 detestari,
488 671 525 734 ut
546 669 744 751 spiritalibus
766 669 843 747 uiris
857 670 952 751 atque
967 669 1146 738 doctoribus
1161 688 1255 754 prae-

122 771 267 855 cipiatur,
290 774 327 838 ut
348 772 387 838 ab
409 774 454 839 eis
476 775 637 839 monendis
664 772 873 856 docendisque
896 773 1061 839 discedant
1082 776 1114 840 et
1135 794 1254 859 nuqua·

121 894 218 958 quam
238 876 330 941 uelut
343 877 377 941 in
392 875 495 942 sterili
508 879 604 958 atque
618 875 816 941 infructuosa
833 876 919 941 terra
932 877 1095 960 noxiisque
1108 879 1251 949 sentibus

121 985 271 1063 occupata
292 997 399 1045 semen
420 977 511 1044 uerbi
525 978 672 1065 salomis
688 979 873 1061 expendant,
897 980 950 1045 sed
966 982 1003 1046 ut
1016 983 1252 1050 contemnentes

101 1100 190 1148 soum
220 1102 335 1149 nouam
361 1082 467 1165 potius
496 1083 638 1148 excolent
666 1086 794 1162 terram,
825 1084 858 1149 id
886 1087 934 1149 eet
962 1102 1035 1167 erga
1056 1102 1192 1169 paganos
1213 1104 1251 1152 ac

119 1186 295 1253 saeculares
328 1204 451 1252 omnem
484 1186 644 1253 doctrinae
677 1186 833 1252 culturam
863 1204 900 1253 ac
932 1186 1022 1253 umbi
1055 1188 1251 1255 transferent

120 1290 270 1355 mutans
291 1289 488 1369 metentium,
512 1289 594 1373 qnod
607 1290 655 1357 ita
668 1289 801 1373 legitur:
826 1288 1045 1359 haecdicit
1066 1290 1251 1359 domiuus

119 1394 210 1459 uiro
231 1392 344 1475 Iuda,
367 1396 406 1457 et
426 1392 649 1459 habitatori
677 1392 943 1459 Hierusalem:
971 1395 1112 1460 nouato
1133 1394 1251 1461 nobie

119 1497 279 1574 uenale,
301 1500 339 1562 ot
361 1496 490 1563 nolite
510 1514 642 1562 serere
662 1514 779 1580 nuper
806 1498 952 1580 spinas.

88 1645 111 1683 n
160 1616 235 1681 XX.
259 1616 410 1699 Denique,
426 1616 508 1699 quod
522 1617 621 1699 pudet
635 1618 746 1694 dicere,
773 1618 821 1683 ita
835 1619 996 1700 plerosque
1011 1618 1250 1685 abrenuntiasse

119 1722 338 1804 conspicimus,
361 1722 399 1786 ut
420 1720 502 1786 nihil
525 1723 659 1803 emplius
684 1722 859 1787 inmutasse
882 1722 920 1787 de
935 1720 1145 1789 anterioribus
1161 1722 1251 1790 uitiis

118 1844 155 1891 ac
187 1825 329 1891 moribus
366 1825 595 1907 conprobantur
628 1824 689 1890 uisi
726 1823 864 1891 ordinem
903 1824 1119 1890 tautummodo
1157 1826 1252 1909 atque

108 1928 268 1995 'habitum
289 1928 489 1993 saecularem.
526 1946 599 1993 nam
623 1932 655 1992 et
676 1927 838 2009 adquirere
851 1928 1000 2009 pecuniae
1016 1927 1159 2013 gestiunt
1173 1947 1251 2011 quas

119 2051 175 2099 nec
207 2034 279 2097 ante
305 2031 517 2115 possederunt,
545 2030 600 2096 uel
629 2032 713 2095 certe
735 2049 811 2114 quas
834 2030 1007 2096 habuerant
1029 2032 1167 2097 retinere
1188 2050 1251 2099 non

86 2136 269 2201 isdesinunt
290 2136 355 2214 ant,
379 2137 461 2217 quod
483 2136 531 2199 est
552 2134 727 2218 lugubrius,
745 2134 843 2199 etiam
858 2132 1051 2217 amplificare
1070 2136 1250 2202 desiderunt

119 2239 176 2306 sub
206 2238 265 2303 boc
291 2239 463 2321 praetentu,
486 2238 568 2321 quod
590 2236 642 2301 uel
664 2237 800 2303 famulos
826 2254 898 2303 suos
921 2237 1029 2303 exinde
1052 2257 1175 2322 semper
1196 2242 1250 2305 uel

120 2342 233 2407 fratres
253 2341 336 2407 alere
357 2359 391 2406 se
412 2342 524 2409 debere
545 2341 665 2406 iustum
695 2359 761 2407 esso
785 2340 985 2415 contendent,
1010 2341 1061 2406 uel
1084 2343 1167 2408 certe
1189 2344 1249 2410 sub

120 2444 252 2511 obtentu
286 2444 491 2529 congregandi
524 2448 630 2510 costus
662 2445 835 2527 reseruant,
869 2463 961 2527 quom
995 2442 1085 2509 uelut
1118 2444 1248 2513 abbates

119 2550 286 2614 instituere
307 2566 341 2613 se
361 2564 452 2631 posse
478 2548 693 2630 praesumunt.
731 2547 834 2629 quisi
856 2549 889 2613 in
911 2546 1047 2613 ueritate
1069 2547 1153 2615 uiam
1175 2548 1279 2633 per-2

86 2652 263 2719 electionis
278 2651 482 2736 inquirerent,
498 2651 558 2718 hoc
572 2651 678 2734 potins
689 2651 757 2716 tota
767 2652 886 2717 uirtute
898 2651 1048 2735 perlicere
1062 2650 1247 2735 niterentur,

120 2758 156 2820 nt
176 2756 296 2822 scilicet
318 2756 403 2822 eruti
424 2774 486 2820 nou
508 2756 611 2820 solum
626 2755 777 2839 pecuniis,
794 2774 905 2821 nerum
920 2756 1016 2821 etiam
1032 2755 1248 2823 oracionibus

118 2858 258 2942 pristinis
280 2859 313 2923 at
334 2858 575 2925 distentionibus
601 2858 756 2924 umuersie
780 2862 880 2925 semet
905 2857 988 2942 ipsos
1011 2860 1186 2943 singulares
1209 2877 1248 2927 ac

119 2962 216 3028 nudos
249 2963 295 3028 ita
320 2959 379 3027 snb
408 2961 566 3027 seniomm
595 2961 724 3044 imperio
754 2961 960 3045 conlocarunt,
988 2963 1026 3029 nt
1052 2980 1158 3027 curam
1186 2979 1248 3029 uon

119 3068 209 3131 modo
231 3064 363 3131 aliomm
385 3065 517 3143 nullam,
539 3066 594 3131 sod
616 3084 655 3130 ne
669 3065 719 3130 sui
734 3066 862 3148 quidem
877 3065 1031 3149 gererent
1056 3067 1247 3133 econtrario

86 3171 224 3235 cautem
252 3169 365 3248 euenit,
391 3170 429 3233 ut
451 3170 526 3234 dnm
548 3167 698 3233 fratribus
720 3186 865 3251 praeesse
895 3168 1045 3235 festinant
1073 3186 1247 3251 numquam

120 3271 291 3337 senioribus
313 3272 375 3356 ipsi
396 3271 595 3337 subiciantur
616 3274 650 3337 et
672 3271 853 3355 usuperhia
868 3272 1060 3353 inchoantes,
1076 3272 1151 3337 dum
1167 3270 1246 3337 alios

120 3375 281 3442 instituere
302 3376 453 3459 cupiunt,
480 3394 537 3441 nec
566 3376 683 3441 discere
711 3376 772 3458 ipsi
800 3395 857 3441 nec
887 3393 979 3459 agere
1008 3392 1045 3440 ea
1070 3392 1149 3457 quae
1172 3376 1247 3439 sunt

220 3608 235 3661 l
253 3608 371 3665 Hieram.
389 3610 415 3676 4,
433 3609 451 3663 3

175 3820 288 3890 ludque
310 3820 403 3878 VWP
495 3821 622 3875 dstereli
643 3820 745 3878 WOP¹
835 3820 922 3890 adque
944 3820 996 3877 VP
1091 3822 1247 3891 bpaganns

128 3902 155 3957 V
234 3908 252 3962 8
269 3905 421 3961 habitaturi
438 3907 465 3963 V
487 3906 653 3961 habitatores
670 3906 711 3961 D¹
738 3905 936 3961 habitatoribus
956 3906 1035 3973 (abit.
1053 3906 1086 3975 0)
1107 3906 1179 3963 OXo

120 3987 213 4045 rbrilm
241 3992 264 4048 0
367 3991 444 4046 uobis
467 4008 517 4047 osu
542 3992 599 4047 PX
701 3993 718 4046 9
742 3992 865 4046 noualem
889 3991 1002 4047 D¹WX
1107 3992 1138 4046 12
1161 3992 1247 4061 adque

124 4074 177 4128 VP
264 4078 297 4133 le
315 4078 460 4133 secularem
483 4078 575 4133 VVPX
672 4079 706 4134 14
723 4081 803 4133 antea
819 4077 939 4134 DWOr
1033 4076 1203 4149 possiderunt
1224 4077 1252 4132 V

125 4160 226 4217 WOX¹
252 4161 509 4233 hab(ab·0)nerunt
523 4164 603 4220 OPX
688 4166 721 4220 15
732 4164 872 4233 lugubrius
888 4163 922 4219 V¹
1010 4165 1042 4219 16
1054 4164 1171 4217 famulus
1184 4178 1250 4217 suus

124 4248 153 4301 V
246 4250 278 4304 17
302 4250 470 4307 contendunt
493 4250 584 4307 OP¹X
686 4251 721 4305 20
743 4253 824 4304 tanta
846 4251 884 4305 W
984 4250 1016 4305 21
1043 4249 1129 4304 effect.
1156 4249 1180 4304 0

122 4332 157 4385 22
177 4334 246 4403 ipsus
268 4336 295 4392 V
394 4338 428 4391 m
450 4336 539 4391 nudus
561 4337 587 4392 V
681 4338 722 4390 ita
745 4337 777 4389 ut
799 4336 849 4389 sub
871 4336 910 4391 W
1008 4334 1043 4389 26
1066 4334 1132 4403 ipsis
1154 4334 1180 4388 V

121 4418 275 4486 inquoanteo
297 4422 320 4477 0
422 4422 491 4477 elius
512 4422 540 4477 V
638 4422 672 4476 27
693 4424 735 4491 ipe
754 4422 815 4489 (sic)
840 4420 865 4475 V

1103 4524 1142 4577 8*
