3092 4967
319 398 362 463 46
713 395 877 452 Iohannis
896 395 1055 449 Cassiani

321 584 491 670 sanguinis,
519 587 557 650 ut
584 584 747 651 nonnullas
775 587 892 667 gentes,
923 582 1111 651 desiderium
1136 584 1278 667 praedae,
1301 585 1355 647 sed
1377 581 1445 649 sola

321 688 464 755 ferocitas
487 689 601 753 mentis
622 687 767 773 instigat)
789 688 895 769 eisque
916 689 1025 754 contre
1046 689 1191 751 naturam
1213 684 1348 751 feritatis
1369 703 1445 752 suae

322 810 394 857 cum
416 793 547 875 panibus
569 791 784 873 occurrissent,
812 808 892 855 unus
914 810 950 855 er
971 789 1017 855 eis
1038 790 1242 855 subueniente
1257 787 1444 853 discretione

321 894 409 963 uelut
431 912 450 958 a
471 893 596 961 domino
618 894 678 961 sibi
692 895 853 976 porrectos
869 912 942 959 cum
957 892 1071 975 gaudio
1087 894 1119 956 et
1133 894 1307 975 gratiarum
1321 892 1444 956 actione

321 998 467 1079 suscepit,
502 1000 649 1079 reputans
684 1014 789 1063 escam
819 996 878 1061 sibi
907 996 1060 1062 diuinitus
1089 995 1263 1062 ministrari
1291 1012 1349 1058 nec
1376 994 1478 1059 sines

321 1100 378 1167 deo
399 1100 529 1183 factum,
552 1104 589 1165 ut
611 1101 645 1165 bi
666 1100 720 1183 qni
742 1117 861 1181 semper
885 1100 1044 1164 hominum
1068 1116 1174 1164 cruore
1194 1100 1368 1182 gauderent
1388 1102 1442 1164 de·

320 1201 493 1270 domatibus
515 1205 578 1269 iam
602 1222 639 1269 ac
661 1201 894 1269 tabescentibus
917 1202 1001 1267 uitae
1015 1202 1225 1267 substantiam
1241 1201 1442 1285 largirentut,

318 1306 400 1372 alius
433 1324 506 1373 nero
539 1324 685 1373 recusans
721 1305 827 1372 eibum
861 1308 947 1371 uelut
978 1308 1017 1370 ab
1049 1305 1175 1371 bomine
1208 1304 1270 1369 sibi
1301 1305 1442 1370 oblatum

289 1406 439 1473 3inediao
472 1406 646 1473 defectione
677 1415 879 1490 consumptus
913 1412 968 1471 est.
1006 1424 1138 1489 quornm
1172 1408 1246 1472 licet
1280 1408 1373 1472 initia
1406 1426 1442 1472 ex

319 1510 551 1592 reprehensibili
568 1512 764 1594 persuasione
779 1510 1000 1589 descenderint,
1020 1529 1099 1575 unus
1115 1516 1222 1575 tannen
1237 1510 1442 1575 subuenieute
1452 1533 1477 1573 ro

318 1613 502 1680 discretione
530 1615 562 1680 id
590 1616 670 1697 quod
699 1616 815 1679 munere
841 1613 1027 1697 incauteque
1048 1617 1229 1697 conceperat
1252 1613 1441 1691 emendauit,

319 1716 401 1781 alius
433 1723 539 1783 autem
576 1721 608 1784 in
642 1719 743 1783 stulta
769 1719 1019 1799 praesumptione
1047 1720 1213 1800 perdurans
1246 1734 1282 1780 ac
1314 1714 1442 1799 penitus

319 1820 514 1894 discretionis
548 1823 674 1902 ignarus
708 1828 841 1887 mortem
873 1838 966 1903 quam
1000 1822 1143 1885 dominus
1171 1822 1311 1885 auertere
1341 1820 1443 1885 uoluit

317 1922 379 1987 sibi
401 1924 467 2004 ipse
489 1923 646 2005 consciuit,
667 1940 860 2006 nequaquam
878 1925 1004 1989 credens
1018 1922 1172 1989 instinctu
1188 1922 1306 1990 factum
1323 1923 1441 2005 diuino,

318 2026 400 2106 quod
427 2024 555 2091 inmites
587 2027 709 2093 barbari
736 2027 878 2110 propriae
906 2028 1042 2094 feritatis
1073 2027 1163 2093 obliti
1193 2046 1289 2111 panea
1319 2027 1363 2092 eis
1386 2045 1475 2109 prore

316 2126 431 2210 gladiis
457 2128 651 2195 obtulissent.

360 2249 431 2314 VII.
454 2250 536 2331 Quid
559 2250 655 2316 etiam
678 2250 715 2315 de
738 2250 793 2314 illo
824 2267 1072 2325 commemorem,
1100 2252 1189 2316 onius
1211 2249 1344 2317 nominis
1367 2250 1442 2333 qnia

317 2351 419 2418 adbuc
450 2356 590 2435 superest
623 2352 767 2417 nolumus
795 2352 896 2418 facere
925 2353 1127 2430 mentionem,
1157 2354 1211 2436 qni
1239 2353 1315 2418 dum
1348 2353 1440 2436 longo

316 2459 455 2537 tempore
478 2455 663 2519 daemonem
685 2455 719 2519 in
741 2454 845 2539 angeli
868 2455 999 2538 suscipit
1022 2455 1174 2540 claritate,
1197 2455 1440 2522 reuelatiouibus

317 2558 381 2621 eins
404 2557 574 2622 innumeris
596 2576 690 2639 saepe
712 2558 860 2641 deceptus
875 2557 1010 2623 credidit
1026 2560 1174 2623 nuntium
1191 2577 1257 2625 esse
1272 2558 1473 2626 iustitiam

315 2678 386 2724 nam
411 2662 545 2741 exceptis
568 2660 617 2725 his
640 2660 736 2725 etiem
759 2678 815 2741 per
837 2678 943 2725 omnes
964 2665 1070 2726 noctes
1093 2663 1124 2727 in
1148 2662 1227 2728 cella
1249 2662 1315 2727 eius
1330 2662 1439 2727 lumen

315 2760 430 2844 absque
452 2761 548 2829 ullius
571 2761 714 2829 lucernae
735 2764 904 2845 praebebat
926 2763 1035 2829 officio.
1069 2765 1107 2830 ad
1124 2766 1298 2830 extremum
1313 2764 1439 2831 iubetur

315 2883 334 2930 a
349 2866 505 2941 daemone,
522 2868 558 2929 ut
572 2866 627 2931 deo
642 2866 743 2930 filium
759 2884 851 2930 sunm
866 2867 918 2947 qui
935 2885 1005 2931 enm
1022 2884 1057 2931 eo
1073 2868 1188 2949 pariter
1200 2867 1233 2931 in
1246 2868 1438 2934 monasterio

315 2968 530 3033 commanebat
552 2968 683 3046 offerret,
713 2972 749 3034 ut
771 2969 891 3035 scilieet
918 2969 976 3033 boc
997 2969 1148 3035 sacrificio
1171 2970 1315 3037 Abrabae
1337 2971 1437 3055 patri·

284 3070 422 3137 tarchae
451 3070 572 3137 meritis
602 3075 795 3153 aequaretur.
834 3072 923 3137 ouius
953 3074 986 3139 in
1015 3075 1139 3139 tantm
1166 3079 1214 3139 est
1236 3073 1471 3158 persuasiones

313 3174 470 3249 seductus,
505 3176 540 3239 ut
571 3175 772 3259 parricidium
801 3193 892 3259 opere
918 3176 1108 3259 perfecisset,
1139 3177 1199 3243 nisi
1227 3196 1299 3242 eum
1327 3177 1437 3243 uidens

313 3294 388 3358 puer
411 3276 547 3343 cultrum
570 3281 657 3343 extra
678 3277 933 3343 consuetudinem
953 3279 1091 3344 acuendo
1114 3298 1296 3363 praeparare
1319 3282 1350 3345 et
1367 3280 1438 3346 uin·

312 3380 385 3445 cula
406 3381 518 3461 quibus
541 3400 609 3447 eum
634 3382 723 3447 uelut
743 3382 905 3449 oblaturus
927 3380 966 3447 ad
981 3382 1207 3449 immolandum
1223 3385 1436 3467 constringere

314 3480 497 3565 disponebat
540 3483 704 3565 inquirere,
749 3486 908 3567 praesagio
946 3486 1073 3551 sceleris
1111 3485 1209 3551 iuturi
1247 3486 1434 3567 perterritus

313 3583 496 3667 aufugisset.
1446 3611 1471 3651 ao

364 3856 557 3910 aterocitetis
582 3856 612 3911 D
715 3860 853 3915 daal.
876 3862 949 3913 Μ
971 3859 1001 3913 D
1102 3862 1299 3917 bmim'strare
1324 3860 1367 3915 D¹

311 3976 328 4031 8
355 3976 450 4046 cybum
478 3976 508 4033 D
525 3943 630 4032 ¹¹²cibum
661 3981 699 4035 W
803 3982 832 4035 11
862 3981 955 4035 timere
985 3981 1033 4036 W¹
1138 3982 1170 4039 12
1199 3984 1227 4039 in
1253 4000 1303 4039 oua
1330 3984 1368 4040 W

312 4063 345 4119 13
362 4064 491 4133 auertere]
509 4064 621 4119 aufferre
639 4066 698 4131 (tier
715 4068 747 4121 tc
763 4082 818 4121 rue.
836 4084 871 4120 aa
884 4070 914 4137 2)
930 4066 961 4121 D
1052 4070 1085 4125 lb
1102 4072 1179 4139 panis
1200 4071 1248 4126 W¹
1339 4071 1370 4125 19
1386 4070 1435 4125 do·

310 4166 413 4203 monem
441 4150 502 4205 DX
602 4152 716 4221 suscipit
745 4154 812 4209 Wr:
845 4156 963 4223 suscepit
987 4155 1066 4211 DXc
1173 4156 1208 4211 20
1234 4157 1434 4214 internuntiam

309 4234 359 4289 xc
462 4236 497 4289 ee
518 4234 610 4291 ossea
632 4237 673 4291 rr
776 4239 909 4295 aeaeae
932 4240 967 4295 w
1073 4242 1108 4296 se
1129 4242 1274 4313 penae
1295 4242 1368 4299 nu

309 4319 343 4373 29
361 4320 507 4388 inquireret
532 4323 561 4374 W
