3092 4967
485 430 648 488 Conlatio
671 431 761 498 XXII,
787 432 897 488 11-13.
1025 431 1031 442 ’
1189 432 1250 500 631

128 623 312 687 tronseet
333 641 352 685 e
375 641 430 686 me
453 621 558 687 oelix
588 623 681 698 iste,
711 627 760 688 et:
783 623 917 688 tristis
939 624 997 689 eet
1018 623 1148 688 enims
1169 642 1253 689 mee

128 743 251 807 usque
286 728 327 792 nd
357 727 524 792 mortem.
562 726 617 792 eod
646 725 766 808 peooeti
795 727 975 809 oontegium
1007 725 1165 792 nesciebat
1197 728 1253 793 ilie

127 826 270 911 tristitia,
292 829 366 910 quie
389 828 472 894 uitus
494 827 601 892 euotor
622 829 756 894 mortem
780 827 948 894 formidem
970 847 1032 894 non
1047 822 1180 912 poteret.
1207 833 1254 896 eit

127 931 229 996 enim:
252 948 362 996 nemo
386 930 499 998 tollit
522 932 689 996 animem
711 950 830 996 meum
852 950 871 996 a
890 951 966 1011 me,
988 933 1252 1016 sedegopono

105 1051 211 1098 neem
234 1052 254 1099 e
274 1052 330 1098 me
352 1033 453 1116 ipso:
477 1035 722 1116 potestatem
751 1033 874 1100 huben
903 1037 1071 1119 ponendi
1093 1055 1190 1112 eom,
1214 1037 1254 1103 et

126 1139 376 1219 poteetetem
399 1137 525 1204 hebeo
547 1139 695 1205 iterum
718 1138 898 1205 sumendi
921 1157 1012 1205 eom.

171 1239 243 1306 ΧΠ.
266 1238 302 1304 In
325 1239 382 1306 boo
406 1256 479 1323 ergo
501 1242 555 1307 ille
577 1241 677 1327 homo,
700 1241 754 1324 qni
770 1244 863 1308 notus
878 1259 915 1306 ex
929 1243 1050 1326 uirgine
1066 1247 1123 1320 est,
1138 1261 1254 1326 magne

125 1362 145 1408 e
179 1343 301 1408 eunctis
334 1344 389 1425 qui
417 1362 453 1410 ex
482 1344 646 1426 utriusque
675 1363 765 1410 sexus
800 1345 1009 1411 conmixtione
1040 1347 1254 1428 produountnr

127 1446 282 1512 distentia
303 1450 496 1531 segregetur,
518 1449 600 1530 quod
623 1467 694 1514 oum
717 1466 825 1514 ornnes
846 1466 903 1514 nos
924 1467 986 1514 non
1002 1449 1253 1526 similitudinem,

93 1549 183 1616 moed
213 1549 380 1616 ueritetem
409 1551 528 1634 petenti
550 1551 583 1616 in
607 1568 698 1616 omne
728 1554 895 1634 gestemus,
918 1552 972 1617 ille
993 1572 1054 1618 non
1076 1552 1253 1636 ueritatem,

126 1653 183 1718 sed
204 1652 447 1722 similitudinem
460 1653 581 1736 peoooti
603 1653 636 1718 in
649 1671 741 1720 uerno
757 1654 859 1720 nornis
872 1656 1089 1738 adsumptione
1108 1656 1252 1740 eusoepit

126 1757 262 1838 denique
297 1757 372 1822 linet
405 1758 557 1839 seriptum
591 1757 630 1823 de
662 1775 698 1824 eo
730 1757 764 1823 in
794 1758 891 1825 lisuin-
913 1759 1064 1843 prophete
1092 1757 1283 1826 Pharisaei?

126 1859 326 1940 apertissime
350 1859 575 1934 meminissent,
598 1863 652 1943 qui
674 1865 882 1944 pernotum
906 1879 979 1927 non
1002 1861 1116 1941 feeit,
1131 1879 1253 1944 neque

126 1963 240 2028 dotus
269 1963 457 2054 inuentus
487 1969 547 2028 est
578 1962 618 2028 in
640 1981 705 2028 ore
727 1962 829 2044 eius,
852 1965 1022 2029 tamenim
1043 1963 1254 2030 similitudino

92 2066 230 2132 reenrnie
258 2069 379 2148 peoeoti
408 2067 610 2147 tollebantur,
641 2067 678 2133 ut
706 2067 860 2134 diberent:
891 2085 984 2132 eooe
1005 2067 1113 2133 homo
1136 2084 1254 2132 uorax

125 2175 164 2236 et
209 2171 369 2252 potator
419 2170 517 2250 uini,
569 2169 875 2251 publicanorum
919 2173 957 2234 et
999 2169 1254 2254 peooetorum

124 2275 292 2355 amiens,
327 2273 359 2338 et
391 2273 430 2338 ed
463 2272 556 2338 illum
588 2273 642 2356 qui
670 2272 877 2338 inluminatus
906 2273 1009 2338 inerat
1035 2291 1180 2339 oeeoum:
1209 2272 1254 2339 de

124 2377 295 2460 gloriam
325 2378 411 2443 deo:
441 2394 510 2442 nos
540 2379 639 2442 enim
673 2379 824 2442 seimus
852 2375 1035 2460 quonism
1057 2375 1120 2441 bie
1141 2375 1252 2440 homo

125 2483 307 2562 peeootor
343 2481 419 2556 est,
455 2483 488 2545 et
525 2481 565 2546 ad
601 2479 757 2546 Pilatum:
791 2479 871 2546 nisi
905 2483 1012 2545 esset
1044 2479 1108 2546 hio
1143 2479 1252 2543 homo

91 2587 334 2664 opsonator,
365 2599 436 2648 non
466 2601 551 2648 enm
580 2581 889 2666 tradidissemus
910 2581 1002 2649 tibi.
1038 2581 1130 2649 huius
1153 2581 1283 2665 igitnr‘d

125 2687 169 2750 rei
200 2703 280 2767 quoe
308 2683 357 2750 illi
386 2689 511 2752 tentum
539 2685 710 2770 singulerie
737 2704 774 2751 eo
798 2685 927 2770 proprie
953 2687 1002 2750 est
1029 2683 1252 2768 eequelitetem

127 2787 189 2854 sibi
212 2786 413 2872 blasphemes
435 2788 601 2870 superbies
624 2788 753 2856 erimine
775 2788 960 2868 uindimbit
980 2785 1121 2871 quisquis
1137 2805 1203 2852 esee
1217 2805 1251 2852 se

126 2892 197 2958 sine
226 2891 352 2974 peooeto
381 2909 475 2958 nosue
506 2891 603 2958 fuerit
631 2891 779 2976 profiteri.
818 2909 1007 2976 consequens
1036 2891 1120 2957 enim
1146 2892 1253 2955 estut

126 2993 371 3062 similitudinem
392 2995 497 3060 obruis
518 2993 637 3078 peooeti
659 2998 691 3060 et
713 3012 776 3060 non
808 2995 974 3062 ueritatem
994 2994 1116 3076 peeneti
1140 2991 1253 3064 bebere

93 3116 160 3168 rese
190 3098 283 3164 diuet

172 3198 264 3266 XIII.
288 3199 434 3266 Ceterum
465 3201 560 3266 iustos
588 3218 624 3266 no
645 3201 768 3268 senetos
791 3200 877 3266 uiros
898 3218 959 3266 non
981 3216 1047 3265 esse
1069 3198 1213 3266 inmunes
1235 3213 1255 3262 e

127 3305 225 3386 eulpe
253 3304 416 3370 meniteete
445 3304 603 3388 scripturo
624 3303 811 3388 pronuntiet
831 3303 953 3370 dieens:
975 3302 1127 3386 septies
1148 3299 1252 3366 enim

233 3493 245 3546 l
274 3492 292 3546 1.
317 3508 338 3546 c.
361 3491 396 3546 38
497 3493 514 3546 4
541 3491 723 3558 Iob.1o,18
826 3490 860 3544 1³
885 3487 958 3544 Etsi.
982 3488 1073 3551 519.
1109 3484 1204 3541 IPet.
1228 3484 1253 3549 1,

126 3575 162 3632 11
267 3577 300 3631 15
327 3575 376 3630 Mt.
401 3577 441 3641 11,
467 3577 499 3632 19
610 3577 643 3632 lt
672 3577 730 3634 Ion
754 3577 781 3644 9,
803 3576 839 3632 24
948 3574 982 3630 19
1007 3572 1065 3629 Ioh.
1089 3573 1129 3639 18.
1151 3571 1187 3626 w

127 3661 161 3717 17
181 3661 321 3730 Prov.24,
340 3664 372 3718 16

179 3833 197 3890 5
215 3832 331 3901 ponendi
347 3848 405 3888 eom
423 3831 512 3904 Βθβε
539 3848 599 3902 pon.
617 3833 735 3888 animem
753 3847 841 3888 meenr
857 3829 890 3887 F
980 3834 1009 3886 et
1025 3827 1111 3898 ome
1204 3827 1221 3881 8
1239 3841 1256 3880 s

128 3935 179 3974 oon.
200 3917 346 3976 ΒΙΡΟΚΖι
448 3919 617 3988 produoiruur
639 3917 680 3988 βυ
786 3917 803 3972 9
825 3917 963 3974 dmtentie
985 3914 1027 3971 K*
1128 3930 1178 3969 noe
1200 3927 1254 3967 non

133 4005 169 4060 0:
200 4019 254 4058 non
272 4003 364 4060 reite
463 4003 495 4058 11
513 4002 644 4058 scribtum
663 4001 690 4057 Ζ
784 4002 906 4072 eeepeO
933 4002 1001 4056 isoio
1020 3999 1054 4055 2¹
1150 3998 1254 4069 profete

131 4091 154 4148 0
256 4091 362 4146 ferisset
379 4089 441 4146 ΕΚ
466 4089 557 4146 ierisei
579 4088 602 4146 0
706 4089 738 4143 le
762 4105 811 4144 nee
833 4088 873 4159 βο
976 4089 1009 4143 14
1028 4087 1083 4141 iste
1102 4083 1137 4142 0:
1168 4084 1255 4154 ootd

129 4175 337 4232 similitudinem
352 4175 415 4234 011Ι
505 4177 540 4232 10
551 4191 612 4264 enm
625 4171 679 4230 tibi
690 4173 721 4228 F
809 4174 841 4228 21
855 4175 885 4228 in
897 4175 1004 4228 tentum
1018 4172 1041 4229 0
1125 4171 1161 4224 11
1177 4171 1254 4224 bleei.

130 4279 161 4334 Κ
187 4278 327 4358 bimiemie
346 4278 369 4335 0
466 4278 617 4334 uindioenit
634 4279 675 4334 Κ·
774 4279 922 4352 poisoned
1021 4295 1048 4333 ee
1066 4295 1122 4334 esee
1141 4277 1187 4348 Ορ

129 4365 164 4420 16
181 4383 197 4420 e
213 4366 292 4436 eulpa
308 4366 430 4420 inmunes
452 4366 476 4422 0
578 4365 612 4419 17
630 4365 766 4421 eeribtnrs
783 4366 811 4422 Z
