3092 4967
335 436 398 505 558
721 434 890 489 Iohannis
914 434 1075 489 Cassiani

333 644 466 709 posnam
487 641 543 709 pro
566 626 662 689 tantis
676 622 862 689 ariminibns
875 622 1037 703 inferenti,
1055 624 1083 689 si
1096 622 1160 689 diei
1174 623 1224 690 fas
1239 626 1297 699 eal.
1312 626 1440 707 quodam·

326 730 426 793 modo
449 727 583 793 obsistat
604 729 637 793 et
660 726 747 810 quasi
769 726 864 793 inuiti
879 730 915 793 ut
930 728 977 793 ita
991 726 1124 793 dixerim
1139 725 1282 793 deam
1296 728 1442 811 suspendi

304 832 456 901 3ulboris.
494 850 603 897 uerum
632 831 709 897 haee
738 831 843 897 omnia
871 829 961 896 uobis
991 832 1043 895 uel
1069 849 1125 914 pro
1145 831 1304 916 sapientia
1324 833 1443 899 mturali

332 938 384 1003 uel
404 954 459 1020 pro
482 936 638 1001 indefesso
660 952 822 1001 sacrarum
843 934 949 1000 studio
977 934 1157 1001 litterarum
1177 934 1226 1001 ita
1247 935 1370 1017 oognita
1388 954 1444 1001 ossa

332 1058 392 1107 non
421 1042 555 1123 ambigo,
586 1041 623 1105 ut
650 1040 688 1103 de
718 1038 769 1103 his
798 1038 903 1121 prirna
922 1038 1079 1121 plantatio
1101 1040 1225 1104 nestrae
1248 1038 1468 1105 conuersionias

330 1143 506 1211 inolouerit.
544 1143 676 1225 denique
698 1159 760 1207 non
783 1142 821 1207 de
842 1142 1054 1224 paenitentiae
1076 1142 1239 1224 qualitate,
1264 1144 1321 1208 aed
1342 1142 1444 1208 deeirs

330 1248 391 1314 lino
412 1266 448 1314 aa
469 1244 694 1313 satisfactionis
716 1244 833 1311 indioio
855 1244 983 1309 solliciti
1009 1247 1041 1311 id
1063 1248 1145 1327 quod
1165 1244 1207 1310 ab
1228 1244 1303 1311 uliis
1321 1249 1444 1329 praetor·

330 1352 463 1419 missum
485 1351 533 1417 est
554 1349 758 1433 sogaoissima
780 1348 1022 1432 interrogatione
1045 1349 1229 1431 disquiritis.

374 1474 412 1539 V.
434 1470 631 1553 Quapropter
652 1474 689 1534 ut
709 1471 796 1535 omni
821 1468 976 1536 breuitate
999 1472 1093 1553 atque
1107 1470 1278 1553 oonpendio
1293 1470 1444 1554 propositi·

329 1575 397 1643 onis
418 1578 541 1641 uestrae
564 1573 719 1639 desiderio
740 1574 886 1654 satisfiat,
915 1574 1129 1656 paenitentiae
1153 1576 1248 1657 plena
1269 1580 1302 1640 et
1323 1576 1469 1658 mustias

327 1680 467 1747 delinitio
498 1681 557 1757 est,
587 1680 623 1742 ut
652 1678 790 1760 pennata,
819 1696 874 1760 pro
908 1676 1022 1759 quibus
1053 1677 1291 1760 paenitudinem
1321 1678 1443 1763 gerimus

328 1785 380 1849 uel
402 1783 515 1867 quibus
537 1783 646 1846 nostra
668 1779 858 1845 oonsoientia
879 1781 1082 1858 remordetur,
1113 1799 1313 1865 nequaquam
1327 1784 1442 1848 ulterius

325 1888 537 1952 admittemus.
574 1884 727 1950 inditium
756 1902 831 1950 uero
858 1883 1088 1951 salisiaotionis
1116 1887 1151 1949 et
1171 1886 1383 1969 indulgentiae
1402 1891 1442 1949 ast

297 1989 458 2058 2affoetus
487 2006 596 2055 eorum
619 2004 739 2070 quoque
761 1986 801 2052 de
821 1987 940 2053 nostris
962 1987 1109 2053 sordibus
1131 1988 1299 2071 expulisse.
1335 1990 1440 2055 nouerit

326 2093 411 2159 onim
443 2092 656 2174 unnsquisque
688 2090 821 2157 nondum
854 2108 888 2155 so
920 2091 1058 2171 paooetis
1090 2090 1233 2173 pristinis
1266 2092 1465 2175 absolutun,o

325 2196 475 2281 quamdiu
504 2196 534 2261 ei
562 2192 773 2261 satisfaetioni
802 2198 835 2259 et
864 2192 1035 2277 gemitibus
1064 2192 1226 2260 inoubonti
1256 2195 1307 2260 uel
1328 2196 1439 2262 illorum

325 2318 406 2383 quae
431 2301 496 2384 ogit
517 2298 568 2393 nel
590 2297 743 2363 similium
760 2296 928 2363 ariminum
945 2299 1019 2363 ante
1033 2297 1136 2363 oeulos
1150 2300 1255 2383 imago
1269 2301 1438 2382 praeluserit

323 2422 491 2487 eorumque
514 2420 575 2469 non
598 2402 702 2469 dioam
724 2402 903 2485 obloalatio,
930 2402 986 2468 sed
999 2402 1051 2469 uel
1068 2402 1242 2468 reeordatio
1257 2402 1436 2470 infestauorit

323 2507 440 2574 mentis
468 2524 593 2572 aroana
629 2506 736 2589 itaque
766 2508 842 2571 tuno
870 2524 904 2570 se
933 2506 961 2569 is
990 2505 1045 2588 qui
1067 2524 1124 2587 pro
1145 2506 1356 2573 satmiaotione
1374 2526 1434 2589 per·

323 2611 438 2695 uigilet
459 2609 641 2675 criminibus
662 2607 843 2674 absolutum
858 2627 896 2673 ao
910 2609 950 2674 do
964 2610 1145 2692 praeteritis
1161 2610 1309 2676 admissis
1323 2613 1459 2676 uadum·

322 2716 493 2798 peraepisse
525 2714 698 2797 cognoseat,
732 2728 806 2777 oum
840 2728 1038 2794 nequaqnam
1069 2729 1122 2778 oor
1153 2732 1247 2779 sunm
1280 2717 1432 2779 eorundem

294 2818 473 2885 tuitiorum
495 2816 660 2881 inleoebris
682 2816 814 2881 sanserit
831 2815 883 2879 nul
896 2815 1121 2897 imaginatione
1135 2817 1314 2901 perstringi.
1335 2836 1431 2901 quom·

322 2924 428 2988 obrem
458 2919 640 2985 norissimus
669 2918 797 3001 quidam
825 2920 1018 2985 examinator
1045 2919 1257 3002 paenitentiae
1292 2924 1325 2987 et
1353 2923 1431 2987 index

321 3024 535 3107 indulgentiae
563 3024 597 3087 in
626 3022 816 3087 oonsoiontia
843 3021 961 3087 residet
989 3026 1106 3101 nostra,
1134 3024 1190 3105 qui
1219 3023 1430 3091 absolutionem

320 3132 425 3195 reatus
448 3128 547 3194 nostri
568 3128 640 3191 anto
662 3126 850 3209 oognitionis
879 3130 911 3190 et
939 3125 1050 3193 iudioii
1071 3126 1155 3192 diem
1176 3126 1280 3193 adhue
1300 3126 1384 3193 uobis
1401 3127 1455 3189 lna

322 3230 381 3296 ban
411 3248 499 3295 earne
529 3229 793 3294 oommorantibus
822 3230 942 3312 detegit
973 3234 1005 3295 st
1029 3228 1129 3294 finem
1158 3229 1379 3295 satisfaetionia
1399 3246 1430 3294 ao

320 3333 509 3399 remissionis
530 3333 665 3415 gratiam
687 3332 808 3413 pandit.
841 3334 875 3397 ot
895 3336 931 3396 ut
953 3331 1031 3397 baeu
1054 3335 1161 3399 eadem
1179 3351 1260 3414 quaa
1275 3333 1356 3399 diota
1368 3332 1431 3397 sunt

372 3608 386 3659 1
404 3606 534 3661 inserente
551 3604 633 3661 BFO
717 3605 895 3661 iliterarnm
913 3605 941 3659 Ζ
1023 3606 1239 3661 boonneralonis
1258 3605 1315 3677 Ops
1340 3615 1431 3661 nonnar-

320 3692 432 3747 sationis
450 3693 527 3748 BFo
550 3693 648 3761 (prima
666 3692 801 3761 plantatio
819 3692 998 3748 oonuersionis
1019 3698 1053 3747 aot
1069 3693 1137 3747 elabi
1152 3692 1269 3749 initium
1285 3708 1334 3748 seu
1348 3688 1432 3761 prinoi-

318 3779 393 3848 pium
411 3779 602 3842 conuersionis)
688 3777 924 3833 'isatisiaotiones
941 3777 984 3833 Κι
1067 3776 1431 3847 tpostdisqniriaietsttaa

319 3864 638 3932 baptisimum:
665 3881 716 3920 om.
733 3866 791 3920 rell
886 3865 953 3919 int
970 3880 1021 3920 om.
1037 3864 1078 3934 βυ
1171 3866 1207 3920 10
1223 3858 1430 3919 ntisdatilffl:

318 3949 472 4005 mtisiaaoro
489 3950 604 4005 nitimur
621 3950 661 4021 do
683 3956 746 4020 poet
764 3951 879 4006 nitimur
894 3952 928 4007 iar
944 3968 961 4005 o
978 3967 1038 4020 sap.
1050 3954 1069 4005 6
1084 3951 1200 4021 ineptos
1224 3952 1307 4007 natio
1322 3964 1381 4006 soro
1395 3943 1430 3999 ἃ·

317 4038 430 4092 stadio
447 4037 480 4091 iu
496 4036 574 4092 oodd.
589 4042 705 4108 promer
723 4037 747 4093 0
850 4038 884 4091 13
902 4054 964 4091 uero
975 4052 1033 4093 om.
1050 4038 1083 4091 F
1182 4038 1216 4093 14
1232 4052 1336 4108 qnoque
1351 4046 1428 4090 somn

320 4123 387 4194 Odo
490 4124 523 4178 16
549 4124 573 4177 ai
600 4122 669 4178 BF:
698 4122 752 4178 sibi
781 4122 848 4194 Οβυ
872 4125 909 4190 of.
933 4124 1051 4189 XVIII,
1076 4128 1117 4190 14,
1141 4127 1161 4179 4
1263 4121 1429 4180 mtialmtiom

317 4209 353 4265 2¹
457 4209 489 4263 17
507 4208 597 4263 oculos
615 4210 715 4266 oiuaO
809 4210 996 4281 prelnxeritO
1092 4211 1131 4266 ’19
1148 4211 1266 4266 mebant
1282 4207 1371 4267 ΒΓΕ

317 4296 352 4349 20
370 4311 386 4349 a
403 4294 563 4350 criminibus
583 4295 661 4365 O’do
757 4297 790 4352 21
809 4296 917 4366 qumo
1013 4297 1049 4351 22
1065 4297 1257 4367 prantringiO
1347 4288 1426 4347 230⁸*

318 4382 387 4438 etO
489 4382 524 4437 24
540 4382 659 4438 residens
678 4382 715 4439 0¹
817 4384 853 4439 26
870 4383 1023 4453 detegetd'
