3092 4967
290 465 353 532 160
680 463 846 519 Iohannis
864 450 1022 519 Cassiani

287 655 324 717 ut
359 652 399 716 ad
431 652 644 735 quaestionem
679 652 874 734 propositam
910 669 1116 729 recurramus,
1153 652 1300 719 uniuersa
1337 670 1416 735 quae

287 756 441 838 putantur
474 755 559 819 mala
590 754 679 821 nobie
707 754 746 819 ab
775 754 912 821 inimicis
940 754 993 819 uel
1021 773 1040 821 a
1068 753 1314 839 quibuuoumque
1340 756 1415 825 atis

287 859 425 942 inrogari
454 876 516 924 non
544 861 619 925 eunt
642 858 791 924 credenda
812 860 897 924 mala
918 878 995 943 esse,
1019 860 1074 925 sed
1096 860 1210 927 media
1248 877 1310 929 nou
1333 862 1415 927 enim

287 962 366 1027 talia
386 962 586 1028 inueniuntur
607 962 715 1045 qualia
734 965 827 1045 putat
849 981 916 1028 esse
937 962 991 1029 ille
1013 962 1067 1046 qui
1088 962 1199 1029 intulit
1213 964 1319 1027 animo
1337 961 1414 1029 iuri·

256 1064 402 1146 lberto,
435 1069 488 1132 eod
520 1066 624 1149 qualia
657 1068 790 1131 senserit
823 1066 877 1132 ille
907 1066 961 1149 qui
990 1052 1137 1135 sustinet.
1174 1066 1307 1149 ideoque
1343 1084 1443 1133 cums

285 1167 386 1233 inlata
413 1166 509 1232 fuerit
537 1184 622 1233 mors
653 1166 721 1233 uiro
750 1168 869 1246 sancto,
898 1183 961 1233 uon
984 1167 1013 1231 ei
1043 1168 1163 1235 malum
1183 1169 1324 1237 inlatum
1346 1187 1413 1235 esse

286 1271 476 1336 eredendum
504 1274 561 1349 est,
590 1269 647 1337 sed
673 1270 814 1338 medium
843 1268 1002 1353 quiddam.
1039 1271 1120 1353 quod
1151 1288 1224 1337 oum
1257 1273 1414 1355 peccatori

285 1375 405 1440 malum
437 1374 490 1455 sit,
524 1373 607 1440 iusto
639 1374 760 1456 requies
790 1377 824 1439 et
858 1372 1013 1439 absolutio
1046 1373 1082 1439 fit
1108 1375 1273 1441 malorum.
1311 1392 1413 1441 mors

286 1478 386 1543 enim
419 1476 509 1543 uiro
529 1478 691 1559 requies
720 1476 833 1542 cuius
855 1478 922 1545 aia
942 1476 1177 1545 abscondita
1199 1482 1266 1543 ost.
1289 1480 1322 1543 et
1342 1478 1413 1545 ideo

285 1599 343 1647 nec
374 1580 425 1645 uir
455 1579 558 1646 iustus
589 1598 625 1645 ex
651 1580 710 1645 hac
732 1580 857 1663 aliquod
879 1580 1055 1662 perpetitur
1077 1580 1314 1661 detrimentum,
1339 1582 1442 1664 quiao

284 1682 364 1749 nihil
377 1682 511 1765 pertulit
525 1684 610 1762 noui,
625 1682 680 1749 sed
694 1683 737 1759 id,
753 1683 836 1767 quod
850 1684 879 1749 ei
893 1702 1092 1751 accessurum
1107 1684 1212 1751 fuerat
1222 1684 1411 1751 necessitate

285 1787 424 1864 nunnae,
446 1786 567 1852 inimici
590 1787 731 1871 nequitia
751 1806 814 1854 non
836 1789 902 1855 sine
924 1791 1061 1872 praemio
1083 1789 1168 1855 uitae
1190 1790 1334 1873 perennis
1359 1808 1411 1854 ex-

285 1888 367 1971 cepit
399 1906 436 1954 ac
467 1889 609 1955 debitum
641 1890 753 1957 mortis
789 1890 944 1958 humanae
981 1896 1062 1975 quod
1098 1891 1303 1961 inexcusabili
1341 1892 1411 1977 lege

284 1991 476 2059 reddendum
508 1996 556 2059 est
589 2011 661 2060 oum
695 1994 801 2061 fructu
834 1993 990 2061 uberrimo
1022 1996 1174 2079 passionis
1208 2014 1244 2061 ao
1276 2012 1411 2080 magnae

284 2096 540 2162 remunerationis
560 2098 704 2163 mercede
727 2098 891 2180 persoluit.
1420 2118 1442 2160 n

328 2233 399 2298 VII.
422 2251 620 2302 emmanue:
644 2236 726 2320 Ετςο
748 2237 775 2300 si
798 2236 1002 2319 interemptus
1017 2237 1118 2302 iustus
1134 2254 1195 2302 non
1210 2237 1312 2302 solum
1329 2236 1408 2301 nihil

283 2336 361 2402 mali
382 2355 544 2421 perpessus
567 2340 623 2417 est,
647 2338 701 2403 sed
724 2338 821 2404 etiam
846 2339 1023 2404 mercedem
1044 2340 1196 2421 passionis
1217 2340 1407 2423 adsequitur,

283 2440 435 2525 quomodo
450 2444 483 2507 in
498 2448 621 2507 reatum
635 2441 800 2508 uocabitur
817 2443 947 2524 quinon
963 2444 1068 2509 nocuit
1083 2445 1218 2509 mortem
1237 2443 1408 2521 inferendo,

282 2545 337 2611 sed
363 2542 502 2629 proluit?

325 2682 415 2749 VIII.
446 2698 666 2749 uuaonouvs:
700 2680 766 2747 Nos
795 2685 832 2749 de
861 2682 1049 2765 proprietate
1082 2683 1156 2750 boni
1187 2682 1326 2769 malique
1359 2684 1441 2753 ualro

283 2787 349 2853 eius
377 2786 461 2869 quod
490 2784 625 2853 diximus
656 2804 722 2853 esse
752 2788 892 2853 medium
921 2787 1126 2871 disputamus,
1150 2806 1212 2856 non
1235 2789 1275 2853 de
1295 2786 1408 2853 affeetu

283 2908 389 2955 eorum
411 2889 465 2972 qui
487 2887 550 2955 ista
572 2891 774 2956 conmittunt.
813 2909 868 2955 nec
890 2891 974 2957 enim
997 2891 1066 2974 quis
1083 2890 1198 2973 impius
1213 2890 1266 2956 uel
1280 2891 1407 2975 iniquus

281 2994 397 3061 idcireo
417 2992 582 3075 inpunitus
605 2996 672 3073 erit,
696 2996 770 3079 quia
784 2994 908 3069 malitia
925 3012 981 3060 sua
995 2994 1077 3061 iusto
1092 3012 1202 3061 nocere
1216 3012 1278 3059 non
1292 2995 1349 3078 pot
1372 2994 1407 3059 t.

281 3096 451 3163 tolerantia
473 3097 557 3163 euim
573 3099 605 3163 et
618 3099 719 3165 uirtus
734 3088 816 3165 iusti
826 3116 887 3165 non
902 3098 953 3165 illi
968 3100 1022 3181 qui
1038 3102 1172 3166 mortem
1187 3098 1240 3165 uel
1250 3100 1407 3183 supplicia

282 3201 400 3285 intulit,
424 3199 478 3267 sed
499 3200 549 3267 illi
571 3201 692 3285 proficit
714 3203 754 3267 ad
778 3202 953 3269 mercedem
975 3201 1030 3284 qui
1051 3202 1150 3272 inlata
1172 3202 1234 3271 sibi
1249 3205 1407 3286 patienter
1417 3226 1442 3268 rs

282 3303 412 3389 excepit.
455 3304 585 3387 ideoque
621 3309 653 3370 et
688 3305 741 3371 hic
778 3305 890 3371 merito
933 3306 1079 3388 punietm
1115 3324 1172 3389 pro
1209 3304 1405 3373 crudelitatis

281 3408 423 3487 saeuitia,
453 3407 527 3490 quia
548 3409 666 3475 malum
695 3407 798 3475 uoluit
819 3408 946 3487 inferre,
969 3412 1001 3474 et
1022 3408 1078 3475 ille
1099 3408 1302 3477 nihilominus
1324 3408 1419 3497 nihil¹

281 3513 358 3578 mali
380 3528 543 3595 perpessus
566 3517 624 3591 est,
648 3514 721 3596 quia
742 3512 862 3578 uirtute
884 3512 981 3577 animi
1004 3513 1052 3578 sui
1070 3513 1226 3598 patienter
1241 3511 1406 3595 temptati-

281 3632 353 3681 ones
375 3616 556 3697 doloresque
578 3616 755 3682 susteutans
778 3634 814 3683 ea
837 3634 915 3699 quae
929 3616 1020 3683 ,malo
1042 3616 1199 3699 proposito
1214 3616 1315 3683 inluta
1329 3618 1403 3680 sunt

381 3841 466 3897 8Iob
483 3843 509 3911 3,
526 3842 672 3933 mm)
763 3927 767 3931 Δ

329 4056 564 4115 3oesemalaD¹
661 4059 814 4114 9uitaD²
910 4058 1185 4117 lohoeffuw
1282 4055 1402 4130 quiaV:

278 4148 325 4218 qui
341 4144 490 4203 DWOXo
579 4145 614 4199 12
631 4147 748 4215 praeuia
767 4148 805 4203 W
897 4148 929 4204 13
946 4146 1125 4202 inexcusabile
1141 4146 1183 4202 Β*
1277 4146 1310 4201 18
1328 4146 1406 4201 reatu

278 4250 313 4290 ca
328 4234 406 4287 reatil
428 4231 468 4287 W
533 4230 684 4286 inferreudo
701 4232 732 4286 D
800 4232 835 4287 22
852 4233 938 4287 iniens
960 4233 1021 4291 WO
1089 4232 1124 4287 23
1141 4231 1279 4301 inpunitus
1301 4230 1335 4285 V¹

277 4318 312 4374 24
335 4315 498 4386 supplicium
520 4315 547 4370 V
645 4316 680 4372 25
701 4318 750 4372 ille
772 4316 813 4373 D*
916 4316 979 4387 sibi]
998 4316 1051 4373 sibi
1067 4318 1140 4376 male
1156 4316 1187 4371 D
1288 4315 1322 4370 26
1340 4327 1405 4367 cru·
1525 4354 1526 4401 q

277 4406 350 4463 dilit.
372 4402 399 4458 V
499 4402 531 4457 27
549 4416 604 4472 qua
618 4402 752 4460 1r¹0²x0
780 4418 860 4473 quam
880 4404 914 4461 0¹
1016 4403 1086 4459 nihil
1105 4419 1175 4460 eras.
1192 4402 1270 4457 iu'V
1525 4410 1526 4417 ’
