3092 4967
532 467 693 525 Gonlstio
716 468 874 533 xl1,o-o.
1201 468 1263 535 341

155 659 219 723 dem
245 657 336 724 solito
363 654 517 737 psallendi
547 656 759 723 modulatione
787 657 990 740 concinimus,
1018 657 1168 723 uirtutem
1191 659 1263 723 u'ero

155 762 213 825 eius
244 778 305 827 non
338 759 397 824 nisi
430 758 520 841 pauci
557 758 734 842 expertique
770 760 963 843 percipiunt:
1001 760 1265 842 prouidab'am

153 862 342 929 dominnm
379 862 418 927 in
456 866 670 945 conspectu
706 881 788 928 meo
824 862 993 945 semper:
1031 865 1265 947 quoniame

152 966 296 1031 dextris
319 968 380 1031 est
402 964 514 1044 mihi,
538 982 583 1029 ne
605 981 842 1031 commonear.
879 965 934 1031 ille
956 967 1070 1031 etenim
1091 967 1176 1032 solus
1198 970 1265 1032 uim

132 1070 237 1153 samue
267 1066 465 1135 intellectum
492 1067 584 1131 huius
612 1066 757 1133 carminis
787 1068 954 1134 efficaciter
987 1070 1182 1151 adsequetur,
1211 1069 1265 1152 qui

151 1172 325 1255 perueniens
355 1170 393 1236 ad
420 1170 528 1235 istam'
544 1168 581 1234 do
612 1187 673 1251 qna
695 1170 850 1252 loquimur
872 1173 1008 1254 corporis
1029 1174 1122 1255 atque
1143 1172 1265 1238 animae

151 1276 312 1357 pmitatem
334 1272 492 1357 intellegit
513 1290 547 1338 se
569 1272 687 1338 cunctis
710 1274 887 1353 momentis,
917 1293 956 1339 ne
978 1293 1085 1340 rursus
1101 1275 1140 1340 ab
1157 1274 1264 1341 eadem

149 1377 347 1452 deuoluatur,
382 1394 400 1440 a
433 1376 556 1441 domino
594 1375 769 1441 conseruari
809 1376 993 1461 dextrasque
1029 1394 1116 1459 suas,
1153 1377 1186 1443 id
1218 1379 1266 1443 est

150 1482 339 1565 operationes
373 1482 494 1545 sanctas
522 1479 562 1544 ab
593 1480 700 1543 eodem
737 1476 854 1563 iugiter
890 1479 1074 1545 conmuniri.
1121 1479 1295 1549 dominusb

120 1584 226 1648 noenim
254 1582 373 1649 sanctis
403 1582 467 1646 suis
489 1601 550 1646 non
572 1600 592 1647 a
613 1581 759 1662 sinistris,
789 1584 863 1667 quia
885 1584 964 1649 nibil
985 1584 1079 1649 habot
1101 1584 1265 1651 sinistrum

150 1685 195 1750 uir
215 1686 353 1762 sanctus,
375 1685 430 1749 sad
451 1703 471 1748 a
493 1684 610 1750 dextris
633 1702 754 1769 semper
776 1686 910 1764 adsistit,
928 1704 947 1751 a
962 1686 1176 1769 peccatoribus
1192 1704 1265 1753 uero

147 1789 177 1852 et
204 1787 301 1871 inpiis
329 1807 389 1854 non
419 1786 554 1866 uidetur,
584 1788 657 1870 quia
684 1806 747 1855 non
769 1788 888 1855 habent
911 1789 982 1854 illas
1005 1788 1129 1856 dextras
1152 1788 1265 1873 quibus

147 1890 288 1957 dominus
311 1892 472 1957 consueuit
495 1890 648 1958 adsistere
669 1909 726 1957 nec
747 1895 879 1973 possunt
894 1892 995 1957 dicere
1010 1910 1082 1958 oum
1097 1893 1264 1976 prophetat

146 1995 249 2060 oculi
284 1994 359 2060 mei
385 2012 541 2077 sempor
571 1997 615 2060 ad
645 1995 856 2060 dominum:
885 1996 976 2077 quia
1003 1996 1088 2079 ipse
1114 1997 1266 2062 euellet

116 2096 186 2162 sade
208 2098 351 2179 laqueo
374 2096 490 2180 pedes
513 2114 631 2161 meos.
665 2096 747 2179 quod
769 2097 876 2163 nullus
899 2097 1014 2181 poterit
1037 2098 1171 2166 ueridica
1192 2100 1266 2182 pro'·

145 2199 224 2265 litori
253 2200 315 2265 uisi
344 2198 396 2282 qui
427 2200 575 2265 uniuersa
603 2216 682 2282 quac
709 2200 743 2265 in
770 2199 829 2265 boc
858 2200 974 2266 mundo
1002 2204 1077 2266 sunt
1098 2202 1154 2267 aut
1175 2203 1267 2268 ucria

145 2304 196 2368 aut
226 2302 385 2387 superflua
414 2310 468 2367 aut
496 2305 580 2367 certo
603 2302 752 2369 inferiora
773 2304 904 2367 summis
927 2303 1100 2371 uirtutibus
1121 2304 1266 2372 iudicans

144 2423 266 2473 omnem
290 2406 442 2472 intuitum
464 2424 567 2483 suum,
590 2423 681 2471 omne
702 2408 843 2473 studium
865 2404 1048 2490 omnemque
1069 2424 1177 2473 curam
1192 2426 1266 2492 erga

143 2510 262 2575 cultum
294 2510 343 2575 sui
371 2509 471 2576 cordis
500 2510 531 2573 ot
559 2510 760 2576 castimoniae
789 2509 931 2575 defixerit
955 2510 1135 2592 puritatem.
1172 2514 1267 2593 atquo

111 2611 186 2677 arra
214 2632 304 2678 mens
333 2612 404 2678 istis
437 2613 591 2679 exercitiis
622 2613 751 2678 elimata
781 2614 812 2678 et
839 2612 1028 2695 profectibus
1061 2613 1200 2696 expolita
1226 2614 1266 2681 ad

143 2716 313 2797 perfectam
336 2716 471 2799 corporis
494 2720 586 2799 atque
609 2718 731 2781 animae
757 2715 916 2799 perueniet
937 2716 1148 2782 sanctitatem.

184 2852 240 2919 VI.
273 2853 434 2934 Quantum
465 2852 547 2919 onim
577 2855 645 2936 quis
672 2853 706 2918 in
739 2854 871 2919 lenitate
904 2872 941 2919 ao
974 2853 1127 2936 patientis
1154 2854 1266 2934 cordis,

142 2957 266 3021 tantum
296 2957 330 3019 iu
359 2954 493 3037 corporis
522 2956 660 3040 puritate
681 2956 832 3040 proficiet,
860 2958 1038 3041 quantoque
1060 2956 1183 3044 longius
1205 2959 1267 3022 ira-

142 3058 272 3123 cundias
302 3059 472 3141 propulerit
494 3060 681 3144 passionem,
707 3062 798 3128 tanto
821 3061 999 3127 castitatem
1021 3062 1162 3127 tenacius
1184 3060 1268 3125 obti-

110 3162 235 3227 asnabit.
276 3180 339 3227 non
372 3162 456 3228 onim
490 3168 594 3228 aestus
628 3164 764 3247 corporis
794 3162 964 3229 declinabit
996 3162 1055 3230 nisi
1089 3164 1143 3248 qui
1170 3164 1268 3229 animi

141 3268 246 3329 motus
275 3265 347 3331 ante
376 3267 594 3349 conpresserit.
632 3268 715 3349 quod
744 3266 940 3350 apertissime
969 3266 1135 3331 saluatoris
1168 3263 1268 3331 nostri

139 3383 191 3433 ore
225 3366 357 3433 laudata
390 3368 550 3434 beatitudo
584 3369 738 3436 declarat:
774 3370 885 3435 beati
914 3370 1046 3448 mites,
1080 3368 1268 3451 quoniam

139 3468 220 3551 ipsi
266 3470 529 3552 possidebunt
573 3472 731 3539 terram.
783 3489 844 3537 non
888 3489 962 3555 ergo
999 3471 1090 3536 alitor
1128 3470 1300 3540 nostrsm2

139 3570 367 3653 possidebimus
391 3558 517 3652 torrem,
541 3573 573 3639 id
595 3576 644 3637 est
666 3590 727 3639 non
750 3572 830 3641 alias
858 3573 974 3653 dicioni
994 3576 1120 3639 nostrae
1142 3573 1267 3639 rebellis

243 3774 419 3841 walse
522 3773 729 3843 ursmaro
830 3774 1012 3842 27Ht5,4

190 3960 368 4030 aereusque
384 3960 425 4013 ru
526 3961 673 4032 procido
775 3944 863 4019 effi
879 3963 919 4015 11¹
1020 3962 1128 4017 renim
1147 3961 1201 4016 ro

137 4046 434 4118 uacuam->equitur
456 4047 545 4103 nd'o
646 4048 791 4103 trunsum
815 4052 841 4102 i·
939 4048 973 4104 ad
998 4047 1088 4103 codem
1112 4046 1269 4102 reuolbatnr

139 4131 165 4186 Ο
252 4134 503 4203 8dertarssqu00
589 4134 622 4189 12
640 4134 826 4190 dertaras'Zo
910 4135 943 4191 13
960 4134 1027 4205 proi.
1044 4133 1075 4186 Π
1154 4131 1188 4187 14
1204 4144 1269 4202 quoi

136 4218 213 4273 niam
231 4221 278 4275 ‘Pu
362 4218 456 4275 euellit
472 4221 503 4272 H
592 4221 626 4275 lb
644 4237 717 4276 mous
733 4221 774 4273 Πι
858 4220 981 4276 ueredioo
996 4220 1027 4273 Π
1112 4220 1146 4275 18
1162 4234 1268 4273 omnem

136 4321 235 4360 auram
257 4306 368 4361 lll'Oc
469 4306 562 4363 boita
579 4310 674 4365 ΜΗ
773 4304 1056 4365 23irancundiaell
1156 4306 1269 4376 liopt.

138 4392 167 4442 Σ
272 4392 307 4447 ab
324 4392 470 4449 declinsuit
486 4393 515 4445 Σ
