3092 4967
312 437 376 502 480
699 431 867 488 Iohannis
893 430 1051 489 Cassiani

311 625 511 691 simulatione
527 625 675 701 dicemus,
698 641 777 705 quae
792 642 863 688 eum
879 623 947 688 tuta
960 624 1099 690 fallentis
1115 629 1146 690 et
1161 625 1428 692 eircumuenieutis
1518 615 1519 622 '

312 732 474 811 prometur
493 727 606 793 affeetu
628 732 660 793 et
683 727 853 792 utilitatem
872 728 1063 794 consulentis
1080 729 1240 812 inpugnet
1264 731 1429 812 scripturae

313 831 437 897 diuinae
459 831 638 897 testimonie
661 831 867 913 conprobatur·
896 831 943 896 ita
967 831 1112 896 dicentis:
1136 831 1285 898 demini
1307 835 1429 898 autem

313 937 411 1000 nutu
434 935 669 1017 dissipatum
694 939 751 999 est
781 934 997 1000 eonsilium
1029 935 1231 1001 Aehitefel
1253 935 1373 1013 utile,
1394 939 1431 999 ut
1518 909 1519 992 Ῐ

313 1037 517 1102 induceret
537 1037 715 1103 deminus
737 1055 857 1120 super
883 1037 1069 1104 Absulom
1092 1039 1257 1104 malum?
1279 1057 1336 1104 nee
1353 1037 1459 1104 enims

313 1141 494 1224 reprehendi
516 1142 639 1224 peterat
660 1139 692 1204 id
715 1142 797 1223 qued
819 1143 904 1206 reete
927 1141 1082 1223 preposito
1106 1160 1142 1207 ae
1164 1141 1216 1223 piu
1238 1141 1354 1207 iudieie
1381 1157 1430 1224 pre
1518 1145 1519 1210 l

313 1244 406 1310 iustis
427 1243 569 1326 partibus
584 1243 752 1328 gerebatur
764 1263 799 1309 ae
814 1261 869 1328 pro
885 1243 973 1309 illius
1002 1247 1090 1310 euius
1105 1244 1205 1326 pietas
1223 1243 1280 1310 dee
1295 1245 1432 1326 placebat
1518 1245 1519 1290 i

314 1348 416 1414 salute
444 1349 538 1430 atque
566 1346 700 1412 uictoria
727 1346 876 1430 religiosa
898 1347 1001 1411 lueret
1023 1347 1221 1412 simulatione
1244 1348 1430 1430 eoneeptum.
1518 1373 1519 1414 l

284 1449 389 1534 equid
412 1450 506 1515 etiam
528 1449 566 1514 de
588 1449 675 1515 illius
698 1449 830 1514 feminee
849 1450 1119 1530 pronuntiabimus
1135 1450 1227 1532 laete,
1244 1467 1323 1533 quae
1338 1451 1431 1515 susei-

313 1555 403 1637 pieus
431 1554 503 1619 illus
533 1554 587 1636 qul
614 1552 654 1618 ud
681 1571 787 1637 regem
817 1553 920 1618 Dauid
949 1571 967 1617 u
993 1554 1149 1636 praedietu
1183 1552 1279 1618 chusi
1312 1553 1461 1618 fuerantu

315 1657 465 1723 destinati
492 1655 654 1722 ubseundit
681 1656 713 1720 in
742 1659 835 1738 putee
862 1659 894 1721 et
921 1657 1095 1740 expandens
1124 1657 1266 1722 uelamen
1292 1675 1384 1738 super
1404 1673 1432 1720 es

314 1761 390 1842 eius,
428 1777 497 1824 eum
540 1759 680 1842 ptisanas
717 1777 749 1822 ee
790 1761 907 1825 terrere
944 1759 1134 1838 simulasset,
1171 1760 1430 1836 transierunt,
1518 1755 1519 1828 l

314 1863 427 1944 inquit,
459 1863 620 1945 gustata
647 1859 856 1944 paululum
881 1880 995 1943 aqua,
1023 1865 1116 1945 utque
1137 1863 1195 1928 hue
1216 1879 1268 1928 eus
1289 1863 1433 1946 figmento

315 1966 354 2033 ab
387 1966 616 2049 insequentium
648 1965 795 2030 manibus
829 1965 1001 2031 liberauit?
1036 1969 1222 2048 quapropter
1258 1967 1432 2049 respondete

316 2087 428 2152 quaeso
460 2068 550 2146 milri,
583 2068 657 2150 quid
690 2067 831 2133 fuissetis
867 2069 978 2144 asturi,
1007 2069 1035 2134 si
1065 2085 1126 2150 qua
1153 2069 1241 2134 uubis
1269 2087 1352 2133 nune
1379 2067 1462 2133 subn

317 2171 478 2255 euangelio
501 2172 681 2238 constitutis
703 2171 817 2236 similis
841 2171 953 2238 luisset
967 2175 1072 2238 exerte
1088 2173 1242 2238 penditio:
1258 2175 1432 2237 utrumnam
1518 2253 1519 2258 ἵ

216 2352 224 2366 ,
317 2274 507 2341 maluissetis
538 2293 591 2339 ees
613 2274 710 2339 simili
733 2275 834 2339 eelare
860 2275 1021 2340 mendesio
1043 2275 1180 2341 dieentes
1202 2275 1309 2339 eudem
1332 2273 1431 2340 mede:
1518 2291 1519 2358 ι

1518 2367 1519 2402 l

1518 2405 1519 2466 l

317 2377 573 2444 transierunt
601 2379 766 2462 gustate
794 2377 1001 2460 paululum
1027 2396 1142 2462 aqua,
1166 2380 1197 2445 et
1218 2379 1339 2463 inplere
1360 2377 1432 2442 illud

318 2482 398 2566 qued
420 2483 625 2566 praeripitur:
653 2499 743 2546 erue
765 2499 850 2563 ees,
874 2482 940 2564 qui
966 2484 1166 2549 duuuntur
1188 2482 1233 2547 ad
1255 2481 1431 2547 mertem:

319 2587 356 2650 et
391 2587 541 2651 redime
577 2603 641 2651 eus
674 2587 740 2669 qui
772 2585 1099 2666 interficiuntur,
1133 2604 1177 2651 ue
1209 2603 1364 2668 pareas,
1396 2601 1461 2648 eus

289 2688 460 2754 lueritatis
487 2689 680 2754 eenfessiene
708 2689 871 2755 latitentee
905 2691 1034 2773 prodere
1065 2689 1294 2772 perempturis?
1326 2692 1356 2754 et
1383 2686 1433 2752 ubi

318 2789 398 2856 illud
420 2792 568 2875 apostoli:
591 2809 700 2857 nemo
722 2793 822 2875 quud
845 2810 954 2857 suum
977 2797 1038 2858 est
1060 2790 1433 2876 quaerat‚·eedquud

318 2894 502 2972 alterius,
536 2895 584 2959 etr
619 2894 768 2960 ueritas
801 2913 876 2961 uon
913 2895 1069 2978 quaerit
1103 2913 1197 2978 quae
1230 2911 1299 2961 sua
1331 2894 1431 2972 eunt,

318 2997 383 3064 sed
405 3015 446 3062 eu
467 2997 768 3080 praemiorum,
795 3016 833 3065 ae
852 2999 892 3064 de
908 3017 940 3065 ee
955 2999 1037 3082 ipso:
1054 3015 1125 3064 nun
1141 3015 1305 3082 quaero,
1328 2995 1431 3079 iuquit

319 3101 417 3184 quud
438 3100 534 3166 milri
555 3101 656 3166 utile
677 3104 738 3168 est
759 3105 824 3168 sed
841 3105 940 3185 quud
955 3103 1110 3180 multis,
1134 3101 1297 3166 utsalui
1313 3099 1459 3164 flantis
1518 3101 1519 3134 ³

275 3219 280 3240 ¹
317 3206 448 3270 sienim
471 3223 507 3269 ea
529 3221 609 3288 quae
631 3208 737 3270 nostre
757 3209 834 3272 sunt
856 3205 1033 3288 quaerimus
1056 3209 1088 3270 et
1110 3207 1140 3270 id
1163 3204 1245 3286 quud
1260 3203 1348 3268 netis
1362 3201 1432 3266 utile
1518 3281 1519 3284 Ἴ

317 3310 366 3374 est
386 3309 588 3391 pentiuaeiter
608 3308 754 3373 uolumus
769 3310 936 3390 retentare,
952 3311 1047 3374 etiem
1064 3310 1097 3373 in
1113 3305 1294 3372 huiusmodi
1309 3304 1430 3371 neeesei-

317 3409 435 3476 tatibue
463 3410 548 3492 loqui
578 3428 634 3512 uus
660 3428 785 3476 neeesse
815 3415 863 3476 eet
893 3411 1060 3478 ueritatem
1089 3410 1121 3476 et
1150 3427 1217 3474 reos
1240 3407 1309 3474 fieri
1330 3406 1429 3473 mertia

420 3617 485 3674 ιιι
503 3618 568 3688 seg.
588 3619 630 3686 ιι,
648 3619 681 3674 14
768 3619 802 3675 m
818 3618 837 3673 1.
855 3635 876 3674 e.
895 3620 929 3674 so
1020 3621 1053 3675 19
1072 3621 1148 3676 prov.
1166 3623 1208 3688 aa,
1229 3623 1259 3675 ιι
1280 3620 1373 3688 (uxr)

318 3699 448 3758 mucor.
464 3703 549 3772 rum
646 3703 1046 3774 aa1uer.13,e.1³nu.a‚4
1140 3705 1372 3771 tarcessum

369 3899 543 3956 luterus
628 3900 863 3956 circumuenieutes
874 3901 913 3952 Π·
1000 3901 1226 3963 4ι1ιίιοιο1Π’Έ
1311 3901 1376 3957 utile
1387 3914 1427 3954 eru·

319 3985 376 4040 ΠΟ
462 3986 495 4041 10
512 3985 569 4040 enei
587 3984 613 4038 Ο
701 3985 731 4040 ll
752 3986 877 4041 dietinati
895 3989 920 4039 Y
1004 3987 1037 4043 12
1054 3989 1163 4058 tysanae
1180 3989 1206 4040 ‘l'
1230 3988 1332 4042 tisanae
1350 3985 1374 4040 0

319 4077 417 4127 terrere
428 4068 467 4124 11¹
485 4075 571 4127 terere
582 4071 622 4123 11·
687 4072 720 4126 13
732 4071 826 4140 inquid
839 4073 892 4126 ΤΟ
953 4073 1088 4142 paululum
1101 4075 1126 4127 P
1188 4073 1220 4127 16
1232 4075 1335 4129 extorta
1347 4073 1373 4124 Σ

319 4193 353 4248 18
374 4191 512 4262 peulolum
535 4194 561 4245 Y
663 4192 695 4246 lli
718 4165 846 4247 dicuntur
869 4195 894 4246 Τ
993 4193 1028 4250 20
1048 4193 1175 4249 redimere
1194 4193 1252 4248 ΠΟ
1352 4190 1426 4262 uelat

307 4281 354 4331 ''l'’
378 4280 411 4334 iar
435 4293 491 4334 rus.
593 4279 626 4335 21
654 4279 814 4348 peremturia
842 4279 900 4334 ΣΟ
998 4287 1063 4350 pust
1090 4279 1137 4334 ubi
1162 4281 1195 4335 e'a
1222 4283 1248 4333 'P
1271 4277 1334 4335 add·
1356 4281 1426 4332 esta

318 4381 353 4418 na
370 4365 391 4419 2
492 4364 527 4418 Ἃ
544 4379 572 4418 ae
589 4379 642 4422 οιιι.
659 4367 700 4430 Σ,
719 4381 740 4421 ιι.
758 4365 776 4420 l.
795 4364 922 4420 additum
939 4367 971 4421 ia
988 4367 1015 4418 Π
1119 4365 1213 4436 inquid
1230 4365 1318 4420 HYO
