3092 4967
555 430 713 485 conlatio
735 430 828 487 VIIII.
1194 435 1259 503 249

192 623 298 689 XIIIL
321 623 368 687 Do
389 622 563 703 gratiarum
589 622 723 687 notione.

232 725 302 793 XV.
325 724 438 789 Vtrum
460 725 608 807 quattuor
630 723 779 790 orationis
801 726 918 809 spooies
940 726 1035 791 simul
1053 730 1085 792 ot
1106 727 1259 807 omnibus,

321 846 361 893 au
382 828 572 912 singillatim
587 832 619 893 et
632 828 776 893 uioissim
794 827 960 911 unicnique
976 829 1041 894 sint
1055 832 1259 898 necessariae.

214 932 301 998 XVI.
323 932 374 997 Ad
402 950 479 1015 quas
508 932 684 998 oratIouum
714 933 831 1016 speeies
862 934 986 998 nosmet
1018 934 1101 1017 ipsos
1134 935 1261 1000 tendere

122 1065 133 1103 o
322 1035 500 1101 debeamus.

195 1140 297 1206 XVII.
320 1140 367 1205 Do
403 1140 551 1221 quattuor
585 1139 847 1221 supplioationum
883 1137 1050 1223 generibus
1084 1158 1102 1205 a
1136 1141 1261 1207 domino

321 1243 468 1309 initiatis.

183 1348 299 1415 XVIII.
323 1348 370 1413 Do
391 1348 530 1413 oratione
552 1346 715 1413 dominioa

166 1450 300 1517 XVIIII.
323 1452 370 1517 Do
392 1469 427 1516 oo
449 1451 531 1535 quod
553 1450 645 1516 dioit:
668 1450 857 1517 adueniat
878 1468 1036 1533 regnum
1059 1451 1177 1515 tunm.

109 1583 132 1622 ro
228 1554 297 1621 XX.
320 1556 367 1621 De
389 1574 424 1620 eo
447 1554 528 1638 quod
551 1554 646 1621 dioit:
670 1554 746 1619 liat
767 1554 952 1619 noluntas
973 1555 1048 1619 tna

212 1659 299 1725 XXI.
323 1660 370 1725 Do
391 1678 472 1743 pane
493 1658 789 1742 supersubstantiali
811 1657 878 1723 eius
901 1658 1063 1723 cotidiano.

198 1761 296 1829 XXII.
320 1764 368 1829 De
397 1780 432 1827 eo
462 1764 544 1845 quod
572 1762 666 1827 dioit:
702 1761 864 1827 dimitte
895 1760 1008 1827 nobis
1038 1760 1172 1829 debita
1199 1778 1261 1827 no·

322 1870 421 1950 stra,
445 1866 630 1949 etreliqua.

182 1969 300 2036 XXIII.
324 1970 371 2035 De
386 1970 625 2053 eoquodtioit:
647 1988 693 2035 no
714 1971 885 2035 inducas
909 1988 975 2035 uos
997 1971 1034 2035 in
1057 1969 1262 2051 temptati-

109 2102 131 2142 ιε
322 2093 441 2141 onem.

165 2176 302 2243 XXIIII.
324 2178 373 2243 De
393 2196 427 2243 eo
456 2177 538 2260 quod
559 2196 620 2243 non
641 2178 774 2243 (lebemt
796 2177 859 2243 alia
887 2176 1040 2260 postulari
1069 2196 1163 2259 qnam
1185 2176 1261 2243 huso

323 2282 460 2358 tantum,
476 2297 554 2363 qnae
569 2280 717 2345 orationis
729 2280 904 2347 domiuioae
917 2280 1042 2347 modulo
1053 2280 1261 2345 oontiuantur.

200 2383 299 2449 XXV.
323 2386 371 2450 Do
391 2383 546 2468 qualitate
567 2383 757 2449 sublimioris
781 2384 940 2449 orationis.

184 2486 299 2553 XXVI.
323 2489 370 2553 De
390 2487 523 2560 diuersis
544 2488 806 2570 oonpunetionum
828 2488 938 2553 oannis.

107 2616 130 2657 a
172 2588 301 2657 XXVII.
323 2590 372 2655 De
391 2591 489 2656 uariis
510 2592 771 2674 oonpunotionum
795 2590 1012 2674 qualitatibus.

153 2691 300 2760 XXVIII.
324 2694 531 2777 Interrogatio
553 2697 591 2760 de
614 2711 648 2759 eo
671 2695 753 2777 quod
775 2711 836 2759 non
859 2694 903 2759 sit
925 2694 959 2758 in
981 2697 1087 2759 nostra
1105 2692 1261 2775 potestate

321 2798 457 2880 profusio
480 2797 689 2863 lacrimarum.

138 2898 301 2968 XXVIIII.
322 2901 493 2984 Responsio
520 2903 558 2967 (le
585 2901 771 2967 diuersitate
802 2903 1065 2983 conpunctionum
1097 2918 1176 2984 quae
1205 2920 1261 2984 per

322 3004 468 3071 lacrimas
490 3005 683 3089 digeruntur.
1073 3006 1075 3015 “

106 3134 130 3175 rs
201 3106 299 3177 XXX
323 3111 369 3175 De
391 3129 426 3175 eo
450 3110 532 3192 qnod
554 3110 627 3175 elloi
649 3126 710 3173 non
733 3108 867 3174 debeant
888 3109 1044 3185 lacrimae,
1061 3109 1183 3189 quando
1199 3122 1260 3171 non

322 3216 511 3295 spontaneae
537 3213 747 3295 proferuntur.

187 3314 298 3381 XXXI.
323 3316 486 3382 Sontemia
507 3315 631 3381 abbatis
653 3315 784 3381 Antonii
807 3334 899 3398 snper
922 3316 1071 3380 orationis
1094 3315 1191 3379 statu.

170 3416 299 3485 XXXII.
323 3420 369 3485 De
392 3421 598 3486 exauditIonis
621 3421 742 3487 indieio.

234 3634 250 3685 o
268 3647 327 3702 sqq.
345 3630 396 3686 ut.
414 3632 439 3696 s,
458 3632 560 3686 10-13

186 3826 335 3896 2qnatuor
351 3828 382 3883 X
485 3828 615 3882 orationis
637 3828 700 3884 VO:
729 3829 881 3883 orationum
900 3828 983 3885 DXo
1085 3828 1151 3884 tao
1168 3828 1261 3898 siugu-

140 3910 212 3967 latim
226 3914 257 3968 D
286 3930 321 3967 un
338 3913 525 3983 sigillatimO
615 3914 740 3969 uicissem
759 3915 801 3970 D¹
892 3915 1017 3970 Itonoro
1034 3916 1064 3971 D
1154 3914 1261 3969 orale

140 4047 210 4087 amns
226 4034 258 4089 X
347 4036 366 4090 6
382 4039 498 4105 quatuor
514 4035 627 4105 subplio.
646 4036 677 4090 X
764 4036 882 4091 inillatis
899 4052 916 4090 a
933 4019 985 4091 dno
1005 4037 1028 4093 O
1119 4036 1151 4089 11
1171 4050 1262 4105 supar-

140 4116 314 4176 substantIala
329 4120 389 4176 DO
491 4122 585 4175 oottitl.
604 4122 634 4177 D
737 4122 771 4176 1a
788 4122 868 4177 uubis
890 4124 917 4180 V
1018 4123 1051 4177 14
1069 4127 1096 4177 et
1114 4138 1146 4176 no
1163 4122 1193 4177 D

139 4216 186 4257 nos
201 4206 311 4261 inducas
329 4207 354 4263 0
438 4207 570 4262 tetatiouo
590 4209 615 4265 0
700 4209 733 4262 ll
751 4208 828 4263 modo
846 4208 888 4263 D¹
976 4210 1010 4265 18
1027 4208 1151 4263 sublimis
1171 4207 1194 4263 0

139 4288 173 4343 25
193 4293 254 4362 eligi
270 4294 302 4349 D
330 4294 397 4349 duci
418 4294 442 4350 0
544 4297 668 4351 laommas
685 4297 716 4352 D
818 4296 852 4351 27
875 4298 960 4351 istatu
981 4296 1004 4352 O
1105 4295 1140 4351 28
1162 4294 1261 4349 iuditio

140 4376 169 4430 D
194 4378 291 4435 indicio
316 4380 339 4436 0
