3092 4967
299 440 363 505 316
694 436 860 493 Iohannis
878 435 1035 493 Cassiani
1513 477 1518 500 ,

295 630 475 695 ‚flumina
497 629 531 693 in
556 629 773 693 desertum:
807 628 847 691 et
878 626 1008 691 exitus
1039 642 1229 707 aquarum
1251 627 1289 690 in
1310 624 1416 690 sitin.
1511 555 1519 724 ’Ξ

301 736 452 798 terram
476 732 730 797 fructiferam
752 732 788 796 iu
819 728 1079 813 salsuginem,
1102 746 1122 793 a
1143 727 1306 793 malitia
1325 728 1418 793 haii-
1510 727 1519 817 l

302 834 478 901 dantium
508 836 545 899 in
577 852 633 913 ea,
664 834 837 899 seeundum
865 832 1007 906 litterum
1033 831 1072 897 de
1093 832 1152 897 illa
1173 835 1287 913 putent
1308 831 1418 913 regium
1511 831 1519 896 i

270 938 507 1023 2praedietum.
546 940 577 1003 in
600 937 650 1002 his
672 936 771 1021 igitur
794 935 873 1001 loeis
898 934 1000 1000 multa
1021 935 1055 999 in
1076 933 1162 999 lrnne
1176 933 1305 999 modum
1320 934 1419 1017 oppida

300 1040 558 1108 eminentioribus
590 1038 723 1105 tumulis
756 1037 910 1104 eolloeata
942 1038 1059 1121 fugatis
1099 1036 1331 1103 habitatoribus
1364 1038 1446 1102 suiss

300 1146 420 1212 elnuies
444 1147 499 1212 illa
522 1146 610 1209 uelut
632 1144 753 1209 insulae
775 1142 860 1221 feeit,
887 1158 968 1224 quae
988 1141 1198 1207 desideratam
1213 1139 1419 1206 resedentibus

299 1250 417 1317 sanetis
449 1246 654 1315 solitudinem
689 1247 850 1331 praebent,
883 1248 917 1311 iu
949 1244 1063 1328 quibus
1097 1248 1163 1309 tres
1190 1262 1291 1320 senes,
1321 1244 1420 1309 idest

301 1352 500 1427 Chaeremon,
545 1350 695 1417 Nestoras
732 1354 764 1415 et
802 1348 923 1432 loseph,
968 1348 1175 1414 macheretss
1217 1345 1419 1431 antiquissimi

301 1454 524 1523 consistebant.

342 1577 420 1643 1111.
446 1574 555 1659 itaque
587 1575 699 1641 beatus
733 1573 908 1639 nrehenius
942 1575 1079 1655 primum
1109 1590 1166 1640 uos
1198 1572 1365 1655 perducere
1389 1570 1446 1633 adu

301 1679 544 1747 chaeremonem
580 1678 706 1760 maluit,
746 1677 821 1761 quia
854 1684 887 1743 et
918 1676 1106 1742 monasterio
1140 1674 1208 1739 eius
1240 1674 1365 1758 propior
1396 1678 1422 1737 et

301 1784 421 1851 duobus
450 1784 522 1849 aliie
553 1783 728 1867 prensetior
759 1784 842 1847 esset
870 1786 983 1848 aetate.
1021 1800 1095 1845 nem
1123 1797 1195 1845 eum
1218 1778 1420 1845 centenarium

301 1890 385 1954 uitae
418 1906 535 1952 annum
568 1886 681 1970 spiritu
716 1887 843 1951 tantum
876 1885 980 1952 alaeer
1008 1883 1201 1963 exeeseisset,
1232 1884 1280 1948 ita
1308 1885 1420 1948 domun
1522 1911 1523 1962 p

303 1992 370 2057 eius
392 1991 544 2073 temporis
566 1992 668 2057 iuerat
690 1992 854 2056 uetustate
876 1995 972 2072 atque
993 1989 1169 2054 orationum
1194 1987 1331 2069 iugitate
1360 2004 1420 2051 eur-

302 2096 423 2174 uatum‚
447 2098 482 2159 nt
506 2094 593 2177 qussi
615 2095 648 2160 in
671 2094 865 2177 primaeuem
894 2096 1037 2159 redactus
1065 2091 1235 2157 infantiam
1267 2088 1449 2155 submissius
1522 2104 1524 2128 ·

270 2198 340 2264 tue
362 2197 516 2281 protentis
537 2202 620 2264 terra
644 2203 733 2265 tenue
759 2199 904 2263 manibus
934 2194 1181 2281 progrederetur.
1220 2194 1315 2260 huius
1337 2194 1423 2278 igitur
1522 2177 1524 2188 ’

302 2306 334 2367 et
356 2302 482 2368 uultum
504 2299 681 2368 mirabilem
705 2304 737 2366 et
758 2302 917 2367 ineassum
943 2300 1061 2383 pariter
1083 2300 1243 2366 intuentes
1267 2298 1422 2381 (siquidem

302 2405 433 2473 deleatis
470 2404 728 2488 mertifieatisqus
765 2406 831 2471 iam
867 2405 1011 2470 omnibus
1048 2405 1199 2469 membris
1236 2418 1423 2485 nequequam

302 2527 466 2575 sensuram
503 2508 689 2592 prestetisse
722 2507 929 2574 districtionis
962 2508 1122 2590 emiserat)
1158 2524 1231 2571 sum
1259 2522 1423 2571 sermonem
1522 2501 1524 2533 ⁵

302 2617 395 2696 atque
417 2615 591 2678 doetrinam
615 2610 801 2695 supplieiter
823 2629 1019 2694 posceremus
1042 2628 1078 2675 ae
1101 2608 1294 2675 desiderium
1309 2610 1450 2673 tantuma

301 2716 493 2798 spiritalium
524 2716 758 2781 institutionum
790 2732 917 2780 eausam
947 2714 1044 2780 inisse
1065 2715 1220 2780 Muentns
1241 2712 1341 2778 nostri
1362 2728 1424 2793 pro·
1522 2748 1524 2786 ᾗ

302 2820 501 2903 testaremur,
532 2819 671 2903 grauiter
700 2818 757 2883 ille
787 2818 963 2902 suspirans:
992 2817 1067 2902 quid
1096 2816 1197 2894 uobis,
1228 2814 1285 2897 ait,
1308 2831 1424 2898 meum

302 2923 441 2989 conferre
487 2921 657 2999 doetrinae,
694 2922 746 2987 eui
783 2922 974 2987 inbecillitas
1017 2919 1187 2986 senectutis
1226 2922 1262 2984 ut
1299 2918 1425 3002 rigorem
1522 2919 1524 2996 i

300 3026 468 3108 pristinum
504 3023 666 3107 relarauil,
701 3024 749 3089 its
782 3024 929 3109 loquendi
963 3041 1085 3106 queque
1112 3022 1232 3088 ademit
1265 3020 1425 3086 fiduciam?

271 3128 566 3211 dquemadmodum
590 3128 674 3192 enim
696 3128 806 3193 doesre
836 3145 1036 3209 praesumam
1065 3127 1146 3209 quod
1169 3128 1238 3208 ipse
1259 3142 1324 3190 non
1344 3122 1452 3193 facies

300 3236 356 3296 aut
384 3232 482 3298 alium
505 3234 537 3296 in
562 3250 596 3296 eo
619 3232 773 3297 instruam
802 3232 884 3315 qnod
913 3251 963 3297 me
992 3233 1056 3296 iam
1079 3231 1131 3296 nel
1154 3233 1258 3295 minna
1281 3229 1332 3294 uel
1352 3226 1426 3309 tepi-

302 3336 372 3401 dius
394 3352 537 3401 erereere
560 3336 735 3417 cognosset
756 3332 797 3399 ob
820 3352 914 3419 quom
940 3353 1007 3399 rem
1029 3333 1154 3399 nullum
1175 3332 1335 3397 iuniorum
1355 3326 1426 3394 mihi

301 3437 333 3501 in
365 3438 445 3502 hane
471 3455 569 3520 usque
597 3438 734 3503 aetatem
764 3437 944 3503 eohabitars
974 3436 1113 3519 permisi,
1142 3454 1181 3501 ne
1203 3434 1344 3517 exemplo
1365 3448 1427 3495 meo
1522 3473 1523 3476 =

353 3707 596 3763 2inhabituntium
608 3708 685 3762 roe
771 3708 898 3762 3eam0
983 3709 1090 3781 putent]
1103 3681 1265 3794 pute-terli
1348 3705 1428 3761 senis
1522 3701 1523 3770 i

300 3826 349 3866 orn.
364 3808 474 3864 noue
571 3810 792 3866 fidesiderataZ
887 3812 1081 3866 sedentibnsO
1177 3807 1365 3866 soeremono

300 3904 375 3974 ioeep
393 3906 419 3958 'P
502 3905 711 3960 anachoritan
804 3906 900 3962 10111
917 3910 943 3959 T
1026 3906 1182 3961 arehaebius
1201 3906 1229 3959 Σ
1315 3904 1347 3959 11
1366 3901 1428 3955 mal·
1522 3915 1523 3974 3

299 4000 354 4054 luit
365 4000 406 4051 11¹
487 4000 621 4054 monasth.
634 4000 662 4052 Σ
739 4000 930 4071 propri0120
1012 4002 1044 4054 12
1057 4000 1135 4071 esset]
1148 4016 1175 4055 es
1189 4001 1216 4053 Σ
1306 4000 1337 4053 14
1348 3996 1429 4067 adque
1522 3989 1523 4052 i

301 4094 327 4149 0
414 4096 446 4150 15
460 4094 610 4149 summissis
622 4094 652 4146 Π
656 4093 681 4147 0
773 4096 806 4150 19
818 4095 1001 4150 destrictionis
1012 4096 1076 4148 ΣΠ
1081 4094 1106 4148 0
1196 4094 1327 4165 ausuque
1340 4092 1366 4145 0

301 4188 493 4260 suppliciarff)
511 4190 541 4241 Σ
557 4189 588 4243 ta
604 4190 653 4257 fisa
671 4207 742 4247 uere.
834 4191 867 4245 21
885 4207 966 4245 eausa
986 4192 1015 4243 Σ
1100 4190 1134 4243 22
1152 4190 1213 4258 agit
1229 4187 1255 4241 0
1338 4187 1373 4241 23
1390 4187 1428 4239 in·

300 4284 449 4339 bemillites
470 4284 498 4335 Σ
601 4285 634 4339 25
659 4286 892 4355 quemammodum
914 4287 944 4338 Σ
1045 4286 1080 4341 28
1103 4284 1183 4355 hano]
1200 4300 1232 4338 ae
1248 4284 1293 4335 Π·
1322 4282 1371 4336 hae
1385 4278 1428 4332 Π*

302 4379 327 4433 0
429 4381 519 4433 aetate
536 4379 596 4434 ΠΟ
698 4379 875 4450 qnohabitars
896 4380 922 4435 Ο
