3092 4967
329 434 393 500 560
720 431 885 487 Iohannis
903 431 1063 488 Cassiani

327 644 399 691 rum
429 623 641 691 recordatione
670 624 793 690 dixistis
823 623 902 689 utile
924 622 1003 689 aetia
1024 641 1061 689 ac
1088 624 1298 689 neceesarium
1318 627 1375 708 eet,
1394 624 1443 689 aed

328 728 429 795 adhuc
458 726 626 813 egentibus
653 725 892 809 paenitentiam,
916 728 955 791 nt
976 743 1050 792 eum
1069 727 1137 809 iugi
1159 724 1294 809 pectoris
1314 726 1361 791 eui
1379 743 1442 791 con·

327 830 450 898 tueione
479 832 692 914 proclament:
726 830 912 914 quoniam
944 828 1209 913 iniquitatem
1241 847 1360 895 meam
1382 846 1442 912 ego

327 952 514 1020 agnosco:
538 936 575 999 et
595 934 807 1017 peccatum
828 951 954 999 meum
977 934 1116 999 contra
1138 951 1195 999 me
1217 935 1443 1017 eateemper,

326 1036 406 1102 illud
433 1038 545 1104 etiam:
577 1039 617 1103 et
646 1036 833 1121 cogitabo
863 1055 931 1120 pro
959 1040 1125 1120 peccato
1154 1054 1247 1103 meo.
1283 1036 1358 1103 dum
1378 1054 1469 1119 ergon

325 1138 448 1224 agimus
469 1139 700 1224 paenitentiam
726 1143 759 1205 et
781 1138 884 1206 adhuc
898 1140 1083 1206 uitiosorum
1098 1140 1231 1206 actuum
1244 1140 1445 1207 recordatione

324 1245 512 1324 mordemur,
550 1242 764 1310 neceesarium
797 1243 847 1309 eet
879 1247 916 1309 ut
947 1243 1053 1327 ignem
1089 1243 1298 1311 conscientiae
1332 1247 1443 1311 nootrae

326 1344 454 1414 obortus
477 1366 514 1413 ex
536 1348 727 1414 confessione
750 1348 916 1433 culparum
936 1348 1138 1415 lacrimarum
1158 1348 1261 1415 imber
1283 1345 1443 1430 extinguat

295 1446 398 1515 2cum
420 1468 493 1515 uero
523 1450 671 1535 cuiquam
699 1450 733 1517 in
754 1451 815 1518 hac
836 1451 1017 1518 humilitate
1038 1452 1139 1518 cordis
1161 1453 1196 1516 et
1222 1451 1355 1534 spirituo
1380 1468 1443 1517 con·

323 1555 450 1621 tuitione
481 1554 579 1621 defixo
608 1556 704 1638 atquo
733 1557 766 1621 iu
795 1557 902 1623 labore
932 1557 963 1621 et
993 1554 1116 1638 gemitu
1137 1553 1324 1637 perduranti
1343 1554 1468 1621 horunc

323 1658 493 1725 recordatio
524 1658 620 1725 inerit
649 1663 810 1743 consopita
835 1661 867 1725 ct
895 1658 1103 1725 conscientiae
1130 1659 1223 1742 opina
1248 1660 1286 1725 de
1307 1654 1442 1723 medullis

323 1763 445 1829 animm
467 1764 572 1847 matie
595 1764 645 1828 dei
667 1765 848 1831 miserantis
872 1766 990 1843 enulae,
1013 1767 1133 1829 eertum
1156 1762 1207 1829 eet
1220 1780 1294 1829 eum
1308 1758 1441 1827 adeam

323 1865 468 1931 factionis
497 1864 593 1931 tinem
624 1870 720 1949 etque
749 1868 966 1952 indulgentiae
997 1868 1112 1932 merita
1145 1863 1324 1949 peruenisse
1353 1867 1384 1929 et
1408 1862 1440 1928 ab

323 1969 532 2035 admissorum
555 1970 723 2037 criminum
745 1970 817 2037 labe
837 1974 1018 2055 purgatum.
1053 1971 1094 2035 ad
1108 1987 1203 2051 quam
1218 1970 1326 2035 tamen
1340 1965 1440 2033 obliui-

323 2089 416 2138 onem
444 2090 509 2137 non
536 2072 616 2139 aliae
645 2073 829 2157 peruenitur
853 2076 916 2141 nini
937 2092 993 2157 per
1014 2073 1281 2139 oblitterationem
1303 2071 1466 2137 uitiorume

323 2176 417 2259 atque
432 2173 613 2241 adfectuum
627 2176 836 2259 prietinorum
849 2178 882 2243 et
892 2178 1063 2261 perlectam
1076 2176 1178 2243 cordia
1189 2178 1286 2258 atque
1297 2173 1440 2257 integram

321 2277 504 2361 puritatem.
541 2298 636 2363 quam
657 2282 724 2347 sine
747 2281 841 2349 dubio
863 2281 971 2347 nullue
993 2298 1101 2347 eorum
1127 2280 1181 2363 qui
1208 2298 1265 2361 ner
1292 2276 1439 2363 ignauiam

321 2399 375 2447 seu
399 2385 616 2467 contemptum
631 2383 712 2449 uitia
729 2403 788 2451 aua
801 2403 936 2469 purgare
949 2383 1147 2469 neglexerint
1167 2382 1366 2466 adaequetur,
1384 2376 1438 2445 nini

321 2484 376 2567 qui
407 2504 462 2569 per
491 2489 628 2569 gemitus
659 2489 754 2570 atque
783 2489 922 2571 suspiria
950 2492 1072 2555 maesta
1099 2486 1236 2572 iugitate
1265 2486 1437 2552 continuare

320 2606 445 2655 omnem
466 2589 605 2657 sordium
625 2591 834 2675 pristinarum
857 2592 1011 2658 excoxerit
1034 2590 1141 2657 labem
1163 2591 1197 2656 et
1217 2590 1338 2657 uirtute
1350 2584 1464 2655 animia

291 2694 413 2775 detque
449 2710 540 2774 opere
572 2695 776 2777 proclamauit
807 2694 847 2760 ad
881 2695 1061 2761 dominume
1092 2694 1295 2760 delictum
1326 2707 1437 2757 menn

320 2796 526 2880 cognitum
559 2796 653 2883 feci,
686 2803 723 2865 et
756 2799 1008 2865 iniustitiam
1039 2816 1162 2865 meam
1190 2815 1267 2863 uon
1295 2793 1436 2879 operui,

321 2900 367 2965 et:
390 2897 554 2965 fuerunt
574 2900 673 2967 mihi
695 2901 888 2967 lacrimae
909 2919 1016 2968 meae
1036 2902 1149 2986 panio
1170 2900 1234 2966 die
1255 2919 1301 2966 ac
1322 2900 1435 2972 nocte,

319 3001 356 3067 ut
392 3004 615 3087 consequenter
648 3008 807 3071 mereatur
838 3004 964 3072 audirer
1000 3005 1183 3088 quiescat
1220 3021 1292 3070 uox
1329 3006 1437 3069 tuna

317 3104 503 3189 ploratu,
534 3112 574 3173 et
605 3108 712 3175 oculi
741 3110 802 3175 tui
830 3126 850 3173 a
878 3108 1071 3175 lacrimis:
1101 3108 1196 3191 quia
1216 3108 1280 3173 eat
1300 3119 1461 3173 mercena

319 3213 426 3295 operi
455 3214 539 3293 tuo,
572 3214 631 3279 ait
660 3212 857 3296 dominus,
884 3212 965 3279 illud
993 3210 1295 3297 quoque-similiter
1315 3208 1356 3277 ad
1375 3223 1434 3272 eun

419 3414 620 3481 euacua
723 3396 940 3481 enecare
1047 3411 1377 3482 armannum

317 3504 352 3559 23
370 3504 415 3559 Pe.
432 3504 475 3570 41,
492 3503 512 3557 4
614 3499 649 3555 24
666 3500 785 3560 Hieram.
802 3502 846 3568 31,
865 3503 898 3557 16

367 3689 545 3761 dquoniam]
571 3688 641 3757 Qum
663 3690 692 3745 Β
794 3689 813 3743 4
834 3704 949 3759 agnosco
971 3688 1014 3743 B:
1043 3688 1223 3760 agnoachoO
1251 3702 1376 3760 cognoeoo
1390 3681 1434 3751 F!

317 3782 344 3833 et
369 3776 491 3848 Valente
600 3778 618 3831 8
643 3776 768 3832 obortum
796 3774 890 3832 BF²0
923 3775 1047 3831 abortum
1073 3775 1114 3830 F*
1221 3776 1316 3845 culpae
1339 3773 1377 3845 βο

316 3865 347 3920 11
365 3862 548 3917 recordatione
564 3863 593 3933 β’
697 3862 882 3933 conpositae*
984 3863 1090 3931 apinam
1108 3860 1188 3917 ΒΨ*
1290 3862 1325 3917 12
1340 3856 1431 3931 gratioe

314 3948 356 4003 Κι
453 3946 501 4002 (1111
521 3948 631 4005 Ocorr.
730 3949 766 4003 14
782 3947 960 4004 arumnorum
978 3947 1084 4007 BFO¹=
1113 3948 1300 4004 uniuersorum
1316 3940 1431 4017 O'docs.

314 4037 444 4104 maa
529 4034 632 4091 laueF
722 4036 755 4091 15
767 4034 1032 4091 obliterationemK
1116 4036 1152 4091 16
1162 4034 1299 4091 adiectam
1310 4030 1376 4090 ΒΨ

315 4121 348 4175 18
366 4119 423 4175 eine
439 4121 480 4192 βυ
575 4120 743 4190 neglexerint
761 4120 799 4175 Z:
828 4120 1016 4177 neclexeritO
1044 4119 1193 4190 neglexerit
1210 4120 1269 4176 rell.
1285 4136 1305 4176 c
1390 4112 1430 4170 ad·

314 4208 435 4277 requitur
447 4206 489 4263 K'
575 4207 609 4262 19
626 4223 737 4278 parom,
755 4207 796 4278 βυ
879 4206 914 4260 21
925 4206 1159 4277 proclamaretK¹
1243 4207 1322 4263 deun
1336 4205 1374 4276 ρο

313 4291 347 4346 22
365 4293 506 4362 cognitum
524 4289 577 4347 tibi
597 4292 719 4350 omme
810 4292 845 4348 23
860 4291 965 4348 fuerint
981 4291 1016 4348 Κ
1100 4308 1182 4363 panea
1198 4292 1237 4363 βυ
1324 4290 1357 4347 ffi
1371 4302 1429 4344 nan-
1518 4307 1519 4312 ¹

313 4378 352 4433 oie
369 4378 410 4434 K¹
1518 4373 1519 4384 ¹
