3092 4967
291 420 354 487 362
684 415 849 471 Iobaiiuis
867 414 1027 469 Cassiani

348 608 421 673 XII.
445 608 533 689 Quod
561 608 706 673 uoluntas
727 606 810 676 bona
837 626 894 672 nec
921 623 1044 687 semper
1071 603 1191 688 gratiae
1218 621 1276 668 nec
1297 620 1405 685 semper

446 712 488 777 sit
519 712 637 777 homini
659 710 835 776 tribuenda.

333 815 423 880 XIII.
447 814 534 894 Quod
564 814 700 897 gratiam
731 814 782 878 dci
812 810 943 877 humani
975 812 1106 877 conatus
1139 826 1324 892 conpensare
1352 827 1405 873 non

445 918 575 1000 possint.
670 944 672 951 ¹

317 1019 424 1085 XIIII.
447 1017 537 1098 Quod
568 1018 830 1101 temptationibus
855 1018 920 1082 suis
942 1016 1018 1081 dens
1041 1016 1193 1081 uirtutem
1216 1014 1342 1088 humaui
1361 1032 1435 1077 eun

445 1121 584 1205 periatur
610 1122 742 1187 arbitrii.

353 1226 420 1290 XV.
445 1227 491 1290 De
514 1224 684 1308 multiplici
710 1224 911 1290 notationum
933 1221 1047 1305 gratia.

338 1326 423 1393 XVI.
447 1328 493 1393 De
525 1328 627 1411 gratia
656 1327 716 1406 dei,
750 1346 785 1392 eo
815 1326 896 1408 quod
929 1325 1085 1390 humanae
1115 1320 1188 1388 fidei
1220 1324 1407 1389 transcendat

446 1432 616 1517 angustias.
695 1434 698 1439 ’

319 1533 423 1599 XVII.
446 1534 493 1600 De
516 1533 714 1599 inscrutabili
736 1533 965 1615 dispensatione
987 1532 1050 1597 dei.
1415 1558 1436 1595 a

302 1636 423 1705 XVIII.
446 1634 595 1703 Definitio
624 1640 760 1721 patrum,
792 1654 828 1701 eo
858 1638 941 1719 qaod
970 1635 1138 1701 arbitrium
1167 1638 1206 1701 ad
1229 1633 1407 1700 saluandum

447 1759 508 1804 non
531 1741 575 1804 sit
596 1739 752 1805 idoneum.

813 1930 959 1937 ---—--—-

337 2099 362 2164 I.
387 2096 466 2162 Cum
497 2099 536 2164 ad
566 2100 696 2181 synaxin
727 2100 914 2165 matutinam
945 2101 1087 2182 percepto
1120 2097 1282 2180 paululum
1314 2114 1411 2178 sopore

295 2206 467 2267 remeantes
490 2218 595 2266 senem
612 2202 835 2286 opperiremur,
854 2202 974 2285 ingenti
989 2200 1068 2267 abba
1083 2201 1258 2267 Germanus
1273 2198 1410 2282 scmpulo

295 2302 487 2383 mouebatur,
511 2305 593 2387 quod
615 2306 648 2370 in
671 2307 842 2388 praeterita
864 2304 1085 2388 dirputationa
1108 2307 1195 2370 cuius
1217 2304 1319 2370 uirtus
1333 2322 1439 2369 sum-a

295 2428 380 2472 mum
410 2408 598 2473 desiderium
627 2406 801 2491 incognitae
831 2411 918 2475 nobis
948 2408 1103 2475 castitatis
1132 2407 1301 2484 infuderat,
1328 2405 1411 2470 nnius

295 2512 467 2576 adiectIone
489 2510 659 2577 sententiae
682 2509 792 2577 beatus
814 2532 905 2577 senex
927 2510 1075 2577 meritum
1098 2511 1253 2576 humanae
1268 2512 1412 2575 cassasset

295 2614 477 2692 industriae,
511 2614 676 2680 adstruens
700 2615 869 2693 hominem,
904 2617 1047 2697 quamuis
1081 2615 1213 2679 summis
1239 2614 1279 2679 ad
1309 2615 1410 2678 bouum

295 2717 418 2803 frugem
442 2717 562 2783 uiribus
584 2718 732 2800 enitatur,
756 2723 862 2784 tamen
886 2717 959 2783 boni
982 2723 1142 2802 conpotem
1163 2736 1230 2783 esse
1246 2736 1306 2783 non
1322 2734 1414 2799 posse,

296 2822 356 2884 nisi
378 2820 411 2885 id
436 2822 535 2885 diuini
558 2825 682 2885 tautum
704 2824 842 2887 muneris
864 2824 1023 2904 largitate,
1047 2840 1108 2886 non
1130 2824 1232 2903 operis
1251 2823 1298 2886 sui
1315 2818 1441 2887 studies

296 2922 493 3005 percepisset.
538 2925 619 2989 banc
652 2924 751 3008 Igitur
789 2926 1003 3009 quaestIoucm
1043 2925 1184 2989 adtonito
1221 2922 1413 2989 uoluentibus

297 3027 384 3091 nobis
408 3046 590 3111 progressus
613 3030 725 3094 cellam
748 3028 861 3094 beatus
883 3028 1082 3113 Chaeremon,
1111 3045 1183 3092 cum
1199 3028 1346 3110 quiddam
1363 3044 1413 3090 nos

295 3130 433 3196 inuicem
465 3133 632 3197 mussitare
663 3132 819 3208 sensisset,
851 3130 944 3198 solito
973 3130 1100 3196 breuius
1130 3132 1306 3197 oratIonum
1329 3131 1414 3213 atoue

296 3234 489 3314 psalmorum
513 3234 727 3301 sollemnitate
751 3237 938 3311 transcursa,
961 3236 1036 3318 quid
1058 3236 1208 3317 moueret,
1231 3233 1370 3316 inquirit.

340 3334 382 3401 11.
416 3334 496 3401 Tum
534 3354 733 3404 annuamus:
772 3338 932 3419 Quantum
977 3337 1267 3415 excellentIssimae
1305 3332 1442 3419 inquitas

296 3441 491 3508 sublimitate
514 3444 651 3521 uirtutis,
675 3460 753 3523 quae
778 3442 930 3506 nocturna
956 3439 1166 3524 disputatione
1189 3440 1348 3525 patefacta
1361 3438 1413 3515 est,

350 3666 362 3717 1
383 3664 472 3732 gratia
489 3664 519 3716 Π
612 3664 750 3733 dgratiae
769 3666 795 3715 Τ
882 3664 925 3718 dei
943 3680 993 3719 om.
1011 3665 1041 3715 Π
1133 3664 1275 3717 btemtst.
1294 3661 1354 3714 ΣΟ

297 3749 330 3803 12
353 3748 466 3803 Fiuiunt
490 3750 608 3818 sepltula
632 3750 792 3805 conlationis
811 3750 988 3814 (collectionis
1007 3752 1044 3818 Σ)
1067 3750 1165 3803 tertiae
1188 3748 1297 3802 abbatis
1315 3748 1414 3801 chaere·

297 3836 383 3889 monis
401 3834 492 3901 (ehu—er
509 3836 548 3903 Σ)
565 3835 597 3889 do
615 3836 781 3903 protectione
797 3835 839 3889 dei
857 3836 921 3887 ΣΠ
1021 3834 1176 3903 Expliciunt
1192 3832 1321 3901 capitula.
1347 3830 1414 3887 lud·

297 3920 338 3989 pit
361 3920 476 3975 molatio
499 3922 524 3971 Y
625 3919 694 3988 llrpl
718 3920 801 3988 cplco.
824 3920 924 3988 Incipit
942 3920 1007 3975 cluo
1026 3918 1097 3975 1111
1116 3920 1141 3972 O
1244 3920 1279 3973 13
1299 3916 1414 3987 cycnum

298 4007 342 4061 Po
371 4004 476 4059 sinaxin
494 4005 520 4057 0
607 4005 705 4072 pantol.
723 4007 748 4057 Y
843 4006 875 4059 14
892 4005 975 4059 abbas
991 4004 1100 4061 aroc
1194 4002 1354 4072 scripuloO

299 4092 332 4146 17
355 4095 489 4147 canaescet
511 4093 541 4143 Π
569 4096 685 4147 cassaret
702 4093 730 4147 0.
830 4092 861 4146 21
885 4091 1039 4147 uolantibus
1061 4092 1091 4143 II
1193 4091 1228 4147 22
1251 4090 1350 4145 cellula
1370 4088 1416 4139 lIo

298 4178 366 4231 cella
383 4179 409 4229 Y
434 4176 499 4233 calle
517 4177 542 4229 0
631 4177 740 4246 quidam
757 4179 789 4230 Π
881 4178 915 4232 23
933 4179 1060 4233 mucltarc
1076 4176 1129 4229 ΤΟ
1220 4176 1308 4231 breuis
1326 4176 1354 4227 Σ

298 4261 333 4317 24
350 4262 458 4317 solemn.
476 4263 536 4315 nr
619 4262 652 4315 24
670 4263 786 4319 mouerit
803 4264 850 4319 lIc
937 4264 971 4317 25
989 4266 1054 4317 tunc
1072 4264 1116 4317 Yo
1202 4261 1415 4318 excellentissimo

299 4347 361 4399 ΣΠ
388 4348 610 4403 excellentissima
628 4350 653 4399 Y
753 4348 850 4417 inquid
866 4347 892 4400 0
