3092 4967
495 475 727 541 corruerem,
747 476 856 531 10-11.
1199 477 1241 544 83

110 668 307 751 despicimus,
338 666 496 730 intuentes
523 665 683 731 dumtaxat
707 666 878 731 seeundum
901 666 1078 749 apostolum
1099 684 1173 731 non
1194 685 1239 733 ea

110 791 205 855 quae
236 771 425 837 uidentur
454 770 519 835 sed
551 788 647 853 quae
676 787 751 835 non
780 771 983 837 uidentur:
1014 788 1113 852 quae
1135 768 1239 834 enim

110 876 311 954 uidentur,
331 872 572 957 temporalia
601 874 709 949 sunt,
739 890 837 955 quae
858 876 987 939 autem
1009 891 1082 937 non
1104 873 1241 938 uiden·

109 984 185 1056 tur,
221 982 406 1055 aeterna,
438 980 474 1044 ut
506 979 552 1043 ita
585 976 711 1041 demum
745 977 825 1042 illud
854 994 1036 1059 supremum
1062 994 1238 1042 mereamur

89 1082 216 1147 sauine
231 1080 314 1163 quoi
330 1083 447 1147 dicitur
461 1082 501 1146 ad
516 1082 691 1147 Abraham:
707 1081 745 1145 st
766 1081 856 1144 ueni
878 1080 919 1144 in
941 1081 1101 1156 terram,
1125 1096 1240 1160 quam

109 1186 185 1250 tibi
221 1188 505 1253 monstransro.
544 1204 599 1269 per
632 1185 714 1267 quoi
747 1183 907 1249 euidenter
938 1181 1122 1261 ostenditur,
1157 1182 1271 1263 quod5

109 1289 167 1353 nisi
190 1288 262 1371 quia
284 1295 348 1353 tres
370 1288 542 1371 superiores
564 1287 637 1353 illes
659 1286 946 1352 abrenuntiationes
968 1286 1055 1351 omni
1070 1284 1238 1366 inpleuerit

109 1394 221 1456 mentis
256 1392 377 1468 ardore,
408 1391 447 1457 erl
475 1392 622 1472 quartum
652 1390 710 1455 hoc
739 1389 901 1473 pemenire
929 1406 992 1454 non
1020 1388 1129 1471 possit,
1158 1389 1239 1471 quorl

108 1494 368 1560 remunerationis
392 1512 429 1558 ao
450 1493 582 1575 praemii
614 1494 681 1558 uice
703 1492 839 1574 perfecte
861 1490 1056 1557 renuntianti
1078 1490 1237 1566 tribuitur,

80 1602 141 1662 sont
162 1600 283 1663 terram
305 1596 553 1681 repromissionis
574 1599 730 1661 mereatur
752 1594 871 1661 intrare
885 1612 1083 1677 nequaquam
1098 1594 1158 1658 sibi
1172 1592 1237 1659 ium

109 1700 258 1766 uitiorum
274 1700 378 1785 spinas
393 1718 430 1765 ae
441 1700 574 1767 tribulos
586 1699 833 1781 germinantem:
849 1717 930 1781 quae
941 1702 1013 1781 post
1024 1697 1238 1779 expulsionem

108 1805 289 1885 passionum
312 1808 492 1870 cunctarum
515 1804 652 1887 puritate
672 1803 771 1869 sordis
786 1804 820 1867 in
834 1803 893 1867 boo
908 1819 1037 1885 corporo
1049 1801 1238 1884 possidetur,

109 1926 199 1990 quum
229 1925 291 1972 non
320 1907 421 1972 uirtus
449 1907 499 1971 uel
527 1906 682 1971 industria
709 1905 889 1984 laborantis,
919 1906 975 1969 eod
1006 1904 1073 1986 ipse
1094 1904 1237 1969 (lominus

109 2012 307 2077 ostensurum
329 2029 362 2075 se
384 2030 448 2075 esse
470 2009 629 2093 promittit
646 2011 686 2075 et
699 2009 809 2084 ueni,
834 2008 988 2092 inquiens,
1012 2008 1052 2072 in
1074 2008 1236 2086 terram,

81 2133 219 2197 nquam
250 2113 330 2179 tibi
358 2116 644 2179 monstrauero.
682 2130 736 2194 per
771 2112 854 2193 quod
886 2112 1051 2177 manifeste
1084 2110 1266 2193 probatore

110 2222 137 2282 et
157 2218 290 2284 initium
311 2216 422 2281 salutis
445 2217 568 2281 nostrae
596 2214 715 2280 domini
738 2216 902 2280 uocationo
924 2214 993 2281 lieri
1007 2214 1159 2279 dicentia:
1176 2213 1237 2279 eri

110 2323 150 2387 le
175 2323 290 2387 terra
317 2321 397 2395 tua,
427 2322 460 2384 et
481 2319 779 2384 consummationem
808 2316 1006 2400 perfeetionis
1027 2334 1064 2383 ao
1085 2316 1235 2400 puritatis

110 2428 144 2490 ab
171 2423 283 2489 eodem
312 2422 458 2489 similiter
488 2420 598 2500 tribui,
625 2440 696 2487 cum
719 2420 813 2487 dieite
836 2422 987 2487 etueni
1009 2422 1234 2503 interram,

109 2546 216 2611 quam
246 2526 328 2591 tibi
355 2529 651 2607 monstrauero,
680 2524 712 2589 id
740 2527 788 2589 est
815 2542 878 2589 uon
899 2542 995 2607 quam
1016 2525 1053 2588 tu
1076 2542 1111 2589 ex
1134 2525 1233 2589 temet

80 2630 169 2713 seipso
200 2646 293 2695 nosse
321 2630 373 2694 uel
400 2629 553 2694 industria
575 2630 631 2694 tua
659 2629 767 2693 ualcas
790 2628 957 2710 repperire,
980 2628 1035 2693 sed
1057 2645 1153 2710 quam
1176 2644 1234 2709 ego

109 2734 163 2797 tibi
185 2752 248 2798 nou
264 2733 364 2797 solum
380 2730 548 2816 ignoranti,
563 2730 617 2796 sed
633 2732 731 2800 otiam
747 2747 808 2797 uon
824 2730 995 2813 inquirenti
1009 2732 1232 2797 monstrarero.

109 2856 141 2901 or
161 2854 223 2919 quo
245 2836 411 2901 manifesto
441 2835 609 2918 colligitur,
642 2834 723 2917 quod
746 2836 1008 2917 quemadmodum
1029 2833 1234 2917 inspiratione

109 2937 224 3005 domini
246 2940 404 3022 prouocati
426 2940 465 3003 ad
486 2939 572 3004 uiam
593 2937 707 3004 salutis
730 2938 932 3015 adcurrimus,
956 2935 1004 3001 ita
1018 2937 1113 3002 etiam
1130 2937 1232 3020 mugi·

108 3044 197 3109 sterio
218 3042 320 3125 ipsius
344 3043 376 3106 et
397 3040 638 3107 inluminatione
660 3041 840 3107 deductiori
856 3040 1077 3125 perfectionem
1092 3056 1235 3105 summae

79 3142 313 3211 ebertituiinis
331 3144 539 3227 peruenimus.

146 3266 202 3331 XI.
231 3266 588 3349 nnnmuve21nquo
617 3282 690 3348 ergo
720 3266 856 3330 liberum
888 3262 1034 3329 oonmstit
1065 3262 1231 3329 arbitrium

107 3374 287 3453 nostraeque
308 3373 389 3453 quod
411 3370 584 3436 laudabiles
607 3386 715 3435 sumus
730 3370 895 3450 reputatur
909 3366 1093 3443 industriae,
1109 3368 1139 3433 ei
1154 3368 1230 3433 dens

108 3470 254 3538 innubis
283 3474 389 3539 omnia
421 3490 499 3557 qnae
530 3473 569 3538 ad
596 3474 736 3539 nostram
763 3471 984 3554 perfeetionem
1008 3468 1169 3553 pertinent
1198 3475 1231 3536 et

107 3574 215 3659 incipit
236 3578 268 3641 et
289 3580 507 3653 consummati

207 3759 267 3815 111
286 3759 346 3815 Cor.
363 3761 388 3827 4,
408 3760 441 3815 18
542 3760 559 3814 5
577 3758 642 3815 Gan.
663 3758 703 3823 12,
725 3760 739 3813 l
845 3758 914 3813 161.
932 3776 954 3813 c.

156 3930 169 3983 1
189 3929 281 3999 dispic.
301 3931 329 3985 P
355 3929 531 3998 despiciemus
549 3947 566 3985 o
667 3928 685 3983 4
703 3933 813 3983 aeterua
830 3933 894 3983 suut
911 3929 1004 3986 D¹0P
1098 3931 1115 3985 5
1133 3928 1229 3985 habra-

108 4010 166 4068 ham
187 4014 251 4070 WP
344 4021 407 4084 poet
424 4018 525 4069 terram
542 4030 612 4069 erus.
630 4014 663 4068 iu
685 4014 733 4069 W:
764 4014 917 4070 maiestatis
935 4031 981 4070 sue
1084 4016 1101 4069 6
1123 4015 1229 4070 demon·

107 4102 224 4153 strauere
242 4102 264 4156 0
356 4100 374 4156 8
391 4100 465 4169 posit
481 4098 512 4155 D
607 4100 692 4154 ithae
709 4099 739 4153 D
826 4101 1000 4155 renuntiante
1016 4100 1059 4156 D¹
1148 4098 1182 4156 10
1198 4106 1231 4156 ut

107 4192 225 4257 D¹W02
248 4192 503 4251 idestutD'PXo
584 4192 810 4250 11trrou1usu⁷¹
895 4194 927 4249 16
940 4192 1058 4249 dicentes
1074 4190 1160 4251 ΠΨ

109 4315 138 4369 ll
164 4319 306 4371 oonmnat.
333 4316 363 4371 D
466 4314 517 4370 hac
542 4314 583 4369 D¹
687 4313 722 4368 20
747 4282 862 4385 ro’perire
889 4316 919 4371 D
948 4330 1083 4387 repperere
1109 4317 1159 4372 W¹

109 4408 140 4462 22
158 4408 297 4477 eollemtur
313 4410 355 4467 D¹
460 4408 698 4479 superueniente
716 4408 784 4465 D²O

1083 4514 1123 4569 6*
