3092 4967
523 478 683 533 Conlatio
701 478 724 543 Ι,
742 476 854 533 19-20.
1210 478 1253 545 29

123 670 211 735 asten
233 666 423 753 praedictum
447 667 596 751 legimus:
619 671 654 733 sl
668 666 842 752 spiritus
857 670 1098 750 potestatem
1113 667 1255 735 haben·

123 774 177 839 tis
209 770 437 838 ascenderit
465 788 582 855 super
611 774 662 851 te,
693 773 821 839 locum
849 776 961 838 tuum
988 790 1033 838 ne
1055 772 1255 838 dimittas.

123 876 204 943 illud
228 890 357 957 ¹quoque
382 872 464 956 quod
494 873 611 939 dicitur
641 874 680 939 ad
710 874 804 941 deum
833 875 943 941 matra
970 873 1082 941 Achab
1103 874 1138 939 in
1159 874 1286 940 tertio4

123 980 302 1061 Regnorum
332 976 414 1041 libro
443 996 480 1042 er
508 992 639 1059 persona
667 976 799 1060 spiritus
828 977 989 1043 inmundi:
1012 976 1195 1062 egrediar
1214 977 1254 1041 et

100 1100 190 1146 sero
221 1080 396 1163 spiritus
424 1082 588 1147 mendax
617 1079 657 1145 in
688 1098 753 1147 ore
774 1081 948 1147 omnium
968 1080 1254 1164 prophetarum

122 1186 221 1251 cius.
260 1204 295 1250 er
316 1183 405 1249 nobis
427 1184 533 1251 ιιιιιιι
551 1183 705 1268 oriuntur,
729 1201 802 1249 uum
824 1201 932 1249 eorum
954 1200 1033 1267 quae
1048 1184 1188 1267 gerimus
1204 1185 1254 1249 uel

120 1288 277 1371 gessimus
306 1287 358 1352 nel
392 1286 570 1353 audiuimus
604 1286 792 1353 naturaliter
824 1287 1032 1354 recordamur.
1069 1288 1108 1353 de
1141 1286 1254 1369 quibus

121 1392 235 1457 omaus
258 1389 360 1455 Dauid
383 1389 577 1470 cogitaui,
607 1389 721 1472 inquit,
745 1388 829 1455 dies
851 1390 1051 1472 antiquos,
1075 1394 1114 1455 et
1135 1407 1255 1456 annos

122 1500 308 1560 aeternos
329 1493 371 1557 in
393 1495 524 1558 mente
546 1492 682 1576 habui,
711 1496 749 1558 et
770 1493 992 1559 meditatus
1013 1510 1112 1569 sum,
1143 1492 1256 1557 nocte

89 1614 209 1663 uocum
230 1596 346 1662 corde
369 1613 450 1662 meo
480 1596 746 1676 exercitabar,
770 1599 809 1661 et
830 1595 1044 1662 scobebam
1066 1596 1255 1678 spiritum

121 1717 260 1765 meum.
298 1702 329 1763 et
358 1699 489 1765 iterum:
520 1698 702 1765 dominus
731 1699 814 1764 scit
841 1698 1112 1783 cogitationes
1133 1698 1256 1764 homi·

121 1820 227 1887 num,
258 1801 441 1885 quoniam
471 1793 595 1868 uanae
625 1806 738 1886 sunt,
763 1804 813 1869 et:
836 1802 1110 1887 cogitationes
1133 1803 1256 1868 iusto·

122 1922 208 1972 rum
239 1904 399 1971 iudicia.
438 1906 471 1969 in
494 1905 658 1989 euangelio
684 1922 806 1988 quoque
826 1906 971 1971 dominus
993 1906 1032 1972 ad
1053 1904 1255 1971 Pharisaeos:

122 2008 217 2092 quid
241 2010 433 2093 cogitatis
456 2010 557 2075 male
579 2008 619 2073 iri
641 2009 829 2075 cordibus
850 2008 1024 2075 uestris?

90 2156 113 2195 a
162 2128 236 2194 ΚΧ,
267 2130 355 2196 Hauc
384 2130 483 2214 igitrm
514 2130 705 2213 tripertitam
736 2132 888 2197 rationem
914 2132 1037 2213 oportet
1058 2148 1115 2196 nos
1137 2129 1254 2215 iugiter

122 2232 289 2299 obseruare
318 2236 351 2297 et
380 2233 544 2300 uniuersas
575 2232 779 2319 cogitationes
810 2250 890 2316 quae
919 2236 1084 2318 emergunt
1108 2234 1142 2297 iu
1164 2232 1256 2298 corde
1354 2271 1360 2283 ·

122 2338 229 2401 nostro
259 2336 365 2419 sagaci
395 2335 579 2403 discretione
609 2336 773 2414 discutere,
801 2337 939 2421 origines
961 2354 1069 2402 earum
1090 2340 1123 2402 et
1144 2353 1256 2402 causum

122 2443 326 2521 auctoresque
356 2439 502 2523 primitus
531 2440 730 2525 indagantes,
761 2444 797 2506 ut
828 2444 936 2525 quales
962 2458 1018 2505 nos
1041 2440 1085 2507 eis
1109 2440 1255 2522 praebere

123 2541 292 2607 debeamus
323 2562 359 2608 er
389 2542 515 2609 illorum
549 2546 659 2611 merito
692 2547 745 2628 qui
776 2565 828 2611 eas
858 2546 1031 2631 suggerunt
1063 2544 1256 2609 considerare

91 2647 290 2730 spessime,
306 2648 343 2713 ut
357 2647 530 2714 efficiemur
544 2650 712 2715 meandum
724 2635 928 2733 praeceptum
943 2648 1062 2714 domini
1076 2644 1256 2730 probabiles

123 2749 306 2834 trapezitae.
347 2768 478 2833 quorum
500 2771 622 2818 summa
655 2752 768 2837 peritia
783 2755 843 2834 ¹est
864 2771 901 2819 ac
928 2750 1096 2834 disciplina
1124 2750 1256 2833 probare

124 2854 280 2935 quodnam
309 2854 351 2919 sit
382 2871 493 2919 aurum
519 2855 723 2937 purissimum
746 2858 779 2921 et
800 2850 838 2921 'ut
859 2854 955 2940 uulgo
978 2854 1092 2920 dicitur
1115 2854 1256 2920 corium

124 2958 248 3039 quodne
276 2956 320 3022 sit
348 2960 449 3023 minus
481 2960 664 3043 purgatione
693 2960 777 3043 ignis
806 2961 977 3041 excoctum,
1011 2976 1101 3025 aereo
1135 2974 1256 3041 quoque

123 3058 246 3142 uilique
268 3060 402 3141 denario,
426 3061 452 3126 si
468 3062 638 3145 pretiosum
657 3062 813 3129 nomisma
827 3063 885 3129 sub
902 3062 1002 3129 colore
1019 3063 1088 3127 euri
1104 3061 1255 3143 fulgentis

90 3162 280 3250 simitetur,
312 3164 556 3246 prudentissimo
585 3166 770 3231 discretione
801 3184 862 3231 non
892 3165 1033 3241 sollici
1062 3182 1124 3229 non
1154 3162 1255 3229 solum

124 3266 315 3331 nomismata
335 3270 539 3351 tyrannorum
555 3268 663 3333 uultus
685 3268 890 3352 exprimentia
905 3268 1064 3350 sapienter
1078 3284 1254 3350 agnoscere,

125 3368 179 3434 sed
202 3370 300 3435 otiam
321 3370 388 3451 illa,
412 3390 490 3455 quae
512 3374 587 3438 sunt
608 3372 675 3438 ueri
698 3370 825 3454 quidem
848 3370 931 3455 regis
952 3370 1101 3453 imagine,
1123 3369 1179 3435 sed
1193 3386 1254 3435 uon

123 3472 265 3555 legitime
287 3474 431 3558 figurata,
460 3475 573 3557 peritia
602 3475 760 3559 sagaciore
783 3474 964 3551 discernere,
988 3472 1098 3538 deinde
1119 3491 1158 3537 ne
1180 3472 1256 3555 quid

230 3635 446 3703 lacoras.10,4
519 3638 599 3693 4111
616 3638 681 3708 Rog.
695 3638 737 3703 22,
751 3638 785 3691 22
861 3636 941 3692 8Ρι.
955 3637 997 3701 76,
1010 3636 1077 3690 6-7
1091 3634 1185 3703 (LXX)

126 3721 157 3775 ll
177 3722 277 3786 Pace,
290 3724 322 3778 11
416 3722 449 3778 12
466 3723 542 3779 Ριοι.
557 3724 626 3791 125
720 3726 753 3779 14
769 3724 819 3777 ua
833 3723 888 3790 9,4
972 3720 1255 3788 comessamur.

125 3806 224 3862 Gerasi
241 3807 343 3877 adnot)

177 3952 347 4010 aoemreon
366 3954 409 4011 ιιι
512 3954 711 4024 sparsurum
730 3952 759 4008 D
861 3953 990 4024 eroque
1011 3953 1049 4008 w
1152 3954 1186 4009 ro
1202 3927 1258 4009 ,ἐι

125 4038 224 4093 bobam
250 4040 281 4093 X
396 4040 429 4095 13
454 4040 582 4095 iarisseoe
611 4040 650 4097 W
766 4040 801 4095 15
826 4040 903 4095 codd.
931 4056 989 4096 aco
1014 4039 1188 4111 distinguant

126 4142 160 4197 18
178 4146 338 4212 autoresque
355 4143 395 4198 D¹
492 4145 525 4199 21
544 4144 688 4213 trapiaitee
704 4144 735 4198 D
763 4144 915 4213 trapegitas
935 4143 974 4197 W
1071 4143 1106 4197 24
1122 4134 1255 4199 ιιόιιιὶιιιι

129 4228 168 4282 W
285 4228 417 4299 fulgentes
444 4228 578 4286 D¹W¹X¹
692 4228 727 4285 25
755 4229 884 4283 imotetur
908 4228 1122 4299 procerissima
1146 4228 1188 4283 D¹

125 4330 160 4383 26
180 4320 339 4385 nomismata
360 4332 398 4387 W
493 4332 527 4385 27
545 4331 689 4401 imaginem
712 4332 760 4387 W'
859 4332 895 4386 28
910 4332 1027 4401 figorata
1042 4330 1083 4385 D¹
1178 4346 1255 4400 saga·

126 4416 199 4469 tiore
216 4416 289 4471 DW
