3092 4967
518 476 676 533 Curiatio
701 476 740 541 Π,
758 476 834 530 a-t.
1197 472 1241 537 43

109 666 247 750 imperii.
286 682 347 749 qua
374 664 617 731 consideratione
644 663 787 729 mollitus
818 667 894 730 dum
927 664 1050 729 mauult
1079 668 1239 730 cruentam

108 768 278 835 uictoriam
307 769 475 834 clementia
502 771 684 851 temperare,
713 768 751 832 ob
775 766 974 832 indiscretam
996 767 1240 833 misericordiam

109 872 199 937 uelut
236 872 304 936 toto
341 887 467 954 corpore
503 872 644 937 redditus
681 871 865 935 tenebrosus
900 869 1105 935 inrenocabiii
1138 874 1240 935 morto

107 974 289 1041 damnatur.

88 1118 100 1157 e
150 1094 232 1161 1111.
263 1094 350 1161 Haec
372 1098 419 1161 est
443 1092 597 1171 discretio,
628 1111 706 1177 quae
734 1110 794 1158 non
817 1092 919 1158 solnm
941 1093 1070 1160 lucerna
1091 1094 1237 1176 corporis,

107 1196 164 1264 sed
197 1199 295 1265 etiam
321 1199 368 1264 sol
395 1198 435 1263 ab
463 1198 601 1281 apostolo
631 1198 830 1279 nuncupatur
860 1197 1032 1262 secundum
1054 1196 1149 1262 iliud:
1173 1196 1239 1261 sol

107 1322 183 1369 non
214 1302 371 1369 occidat
399 1319 517 1383 super
545 1300 792 1366 iracundiam
819 1303 1003 1366 nestram.
1041 1298 1118 1365 hacc
1140 1299 1236 1365 etiam

108 1406 195 1471 uitae
218 1409 346 1471 nostrae
362 1404 475 1470 dicitur
490 1400 675 1487 gubernatio
691 1404 860 1468 secundum
875 1402 970 1468 illud:
994 1402 1141 1485 quibus
1164 1419 1238 1467 non

111 1513 171 1573 est
186 1506 442 1591 gubernatio,
459 1506 602 1572 cadunt
616 1506 659 1571 nt
675 1505 782 1571 iolia.
807 1504 881 1571 baec
893 1505 1056 1571 consilium
1067 1504 1238 1570 rectumne

78 1612 300 1689 acuminatur,
324 1613 389 1676 sine
413 1629 472 1694 quo
494 1610 573 1676 nihil
596 1625 687 1693 agere
709 1610 835 1674 omnino
859 1611 1030 1691 scripturae
1049 1607 1238 1674 auctoritate

108 1715 334 1798 permittimur,
363 1715 407 1779 ita
433 1716 471 1779 ut
491 1733 531 1778 ne
553 1712 657 1796 ipsum
679 1714 804 1795 quidem
828 1709 971 1797 spiritale
994 1712 1113 1791 uinum,
1137 1709 1239 1795 quod

107 1817 318 1883 laetificat
347 1835 411 1881 cor
441 1816 629 1897 hominis,
656 1817 722 1881 sine
744 1816 844 1900 ipsine
866 1818 1005 1883 sinamur
1026 1815 1236 1881 moderatione

109 1923 266 2004 percipere
288 1922 458 1985 secundum
480 1919 577 1983 illud:
604 1938 685 1984 curn
708 1920 876 1984 consilio
898 1919 1028 1985 omnia
1050 1919 1131 1999 iac,
1155 1937 1238 1984 cum

109 2024 282 2089 consilio
311 2022 442 2087 uinum
471 2021 578 2097 bibe,
607 2024 790 2089 etiterum:
813 2022 1091 2089 sicutoinitao
1113 2020 1237 2086 muris

79 2126 243 2193 ndiruta
268 2128 307 2191 et
329 2142 401 2190 non
433 2125 695 2210 circumdata,
724 2126 780 2191 sic
802 2129 863 2191 eet
884 2128 946 2192 uir
967 2125 1032 2209 qni
1055 2141 1131 2192 non
1153 2142 1237 2191 oum

109 2228 283 2295 oonsilio
307 2226 462 2311 aliquid
484 2228 579 2311 agit.
617 2228 705 2293 cuius
726 2230 861 2311 priuatio
883 2246 977 2312 quam
1000 2228 1173 2311 perniciosa
1193 2228 1268 2302 sita

109 2332 271 2411 monacho,
295 2330 469 2397 testimonii
485 2330 577 2395 boine
592 2330 768 2415 exemplum
786 2351 822 2397 ao
835 2333 938 2416 figura
951 2333 1098 2410 declarat,
1114 2332 1236 2397 dirutae

108 2451 176 2500 cnm
198 2453 237 2501 ac
260 2434 327 2499 sine
349 2433 448 2498 muris
470 2448 651 2516 comparans
667 2434 801 2500 ciuitati.
825 2439 859 2501 in
873 2436 932 2502 hec
947 2435 1110 2518 sapientia,
1132 2437 1165 2500 in
1180 2434 1237 2500 hac

108 2538 290 2604 intellectus
313 2554 480 2619 sensusque
502 2536 655 2617 constetit,
677 2539 744 2603 sine
766 2538 880 2621 quibus
902 2557 960 2604 nec
980 2538 1113 2603 interior
1131 2542 1237 2603 nostra

79 2642 266 2710 naediiicari
301 2644 408 2706 domus
442 2659 498 2705 nec
527 2640 684 2721 spiritales
718 2645 865 2723 poterunt
893 2642 1025 2708 diuitiae
1054 2642 1237 2725 congregari

108 2748 280 2811 noandum
303 2744 400 2809 iiindr
429 2760 513 2809 cnm
538 2744 737 2828 sapientia
759 2745 1002 2811 aedificatur
1024 2747 1175 2824 domus,
1199 2752 1237 2810 et

109 2864 192 2913 cnm
218 2846 440 2913 intellectu
461 2848 606 2911 iterum
629 2846 821 2931 origitur:
843 2863 927 2913 cum
949 2848 1236 2931 sensuinplen·

108 2955 169 3017 tur
204 2950 378 3017 cellaria
410 2948 587 3015 omnibus
619 2950 786 3018 diuitiis
814 2951 1007 3035 pretiosis
1036 2954 1075 3018 et
1111 2952 1234 3017 bonis.

108 3053 192 3133 baec,
221 3054 362 3136 inquam,
394 3052 442 3118 osi
468 3052 586 3118 solidus
615 3055 712 3130 cibus,
742 3056 795 3138 qui
816 3054 879 3122 nisi
901 3072 920 3120 a
940 3056 1086 3139 perfectis
1109 3060 1266 3124 tantuma

80 3174 142 3224 eea
171 3154 313 3222 robustis
343 3172 406 3221 non
432 3156 535 3239 potest
556 3157 639 3222 sumi
661 3156 829 3223 amandum
852 3160 949 3225 illud:
972 3158 1236 3243 porrectorum

108 3262 236 3325 antem
265 3260 327 3323 est
354 3259 506 3325 solidus
537 3260 664 3346 cibus,
696 3278 824 3327 eorum
847 3264 912 3346 qni
933 3280 1001 3345 pro
1024 3266 1236 3329 consuetu·

109 3364 194 3429 dine
234 3362 479 3429 exercitatus
513 3363 659 3429 habent
696 3382 835 3431 sensus
868 3368 913 3431 ad
947 3366 1235 3433 discretionem

110 3464 195 3531 boni
227 3467 266 3530 et
294 3463 396 3530 mali.
435 3482 515 3547 qnae
542 3466 576 3529 in
610 3467 733 3531 tantum
767 3468 855 3533 utilis
882 3468 972 3534 nobie
1000 3488 1035 3535 ac
1062 3472 1236 3537 necessaria

110 3568 327 3653 conprobatur.
350 3568 387 3633 ut
407 3569 504 3634 etiam
534 3566 630 3635 uerbo
656 3570 706 3636 dei
729 3570 855 3655 eiusque
878 3570 1052 3639 murinus
1074 3577 1235 3656 coaptetur

78 3672 281 3737 sumntum
309 3668 403 3736 iilud:
435 3672 549 3737 ninus
579 3672 765 3739 ostentm
794 3690 920 3740 sermo
942 3676 1004 3742 dei
1027 3678 1066 3741 et
1086 3678 1235 3744 efficax

209 3832 228 3886 6
245 3829 314 3899 Eph.
332 3833 357 3895 4,
375 3830 409 3885 26
506 3832 524 3887 8
542 3832 619 3887 Pror.
637 3833 679 3901 11,
699 3834 732 3890 14
749 3835 844 3904 (Lxx)
943 3838 974 3891 11
992 3837 1037 3893 Pe.
1056 3838 1116 3907 103,
1135 3840 1167 3893 15

110 3916 141 3969 13
158 3916 238 3970 Pror.
256 3916 300 3983 31,
317 3916 440 3983 diirXX)
532 3918 564 3973 14
582 3919 658 3973 Pror.
676 3918 717 3983 25,
737 3920 875 3990 28(LXX)
966 3923 998 3977 21
1018 3922 1096 3977 Pror-
1113 3925 1155 3989 24,
1167 3926 1236 3979 3-4

109 4001 204 4071 (Lxx)
308 4002 343 4057 25
361 4002 441 4057 Hebr.
460 4004 484 4069 5,
504 4004 537 4060 14
639 4006 673 4061 30
690 4004 771 4061 fleur.
787 4007 815 4074 4,
833 4006 867 4063 la

161 4149 321 4202 imaeuuit
341 4146 372 4203 D
476 4150 510 4205 10
532 4152 635 4206 omnini
657 4152 697 4207 D¹
802 4152 834 4208 16
857 4155 957 4223 aliquit
973 4155 1004 4209 D
1105 4155 1141 4211 20
1157 4157 1235 4226 spiri-

111 4232 174 4287 taiie
198 4230 247 4290 W¹
348 4232 383 4289 24
407 4234 488 4305 cybus
510 4236 541 4291 D
575 4226 646 4292 cibbe
668 4238 706 4295 W
806 4238 841 4293 26
858 4239 940 4310 cybne
957 4239 988 4294 D
1088 4240 1123 4295 Yi
1145 4256 1235 4298 euneos

111 4316 150 4372 11ι
241 4318 277 4373 28
295 4320 322 4372 ct
339 4318 404 4374 maii
421 4320 465 4376 D:
491 4338 522 4376 ao
540 4324 604 4377 mali
619 4322 723 4380 on
737 4322 816 4396 Vuip.
907 4326 942 4379 29
959 4328 1120 4394 quoeptotnr
1136 4328 1167 4381 D

112 4404 145 4458 30
160 4396 238 4460 uiina
254 4404 285 4459 D
386 4406 429 4461 dci
446 4424 530 4462 sermo
547 4408 648 4465 WXc:
666 4410 701 4472 of.
727 4410 790 4477 VH,
808 4416 852 4479 13,
871 4414 897 4466 3.
914 4411 1027 4474 xlae
