3092 4967
327 431 393 494 466
717 429 883 484 Iohannis
906 427 1065 486 Cassiani

325 617 407 683 ratio
440 619 508 700 ipsa
540 616 794 699 eonuersatioque
827 619 1006 684 sanctorum
1041 615 1116 700 quid
1150 618 1303 685 salubrius
1335 619 1375 683 sit
1404 618 1436 682 ad

326 721 498 802 profectum
521 721 606 785 uitae
628 720 781 803 spiritalis
804 719 974 786 efficaciter
1003 721 1091 786 decet
1121 721 1153 786 et
1179 722 1294 804 eligere
1316 722 1347 786 id
1367 721 1437 804 qnod
1512 751 1513 754 ¹

296 824 451 906 2expedit
473 825 547 888 data
568 823 743 890 senioribus
759 824 882 907 sponsio
898 841 958 890 non
976 825 1128 891 admittit.
1161 825 1278 890 etenim
1295 825 1437 907 potuimus
1512 863 1513 892 i

326 927 474 1009 exemplis
506 929 617 992 talium
647 946 683 991 ao
704 928 864 993 tantorum
891 929 1029 993 uirorum
1052 928 1092 993 ad
1113 929 1330 1009 perfectiorem
1351 928 1437 992 nium

324 1032 579 1113 propositumque
621 1030 758 1107 formari,
804 1030 866 1095 uisi
904 1049 959 1096 uos
997 1030 1153 1096 instanter
1188 1031 1229 1096 ad
1267 1030 1464 1096 coenobiums
1512 1041 1513 1098 l

324 1151 480 1197 recurrere
507 1134 651 1215 promissi
678 1135 780 1215 pactio
809 1136 972 1199 coartaret.
1011 1152 1070 1217 quo
1094 1134 1122 1198 si
1144 1135 1262 1200 reuersi
1291 1135 1437 1210 fuerimus,

325 1235 414 1319 eopia
441 1235 528 1300 nobis
558 1235 687 1300 ulterius
715 1235 779 1300 huo
807 1236 966 1302 remeandi
989 1236 1077 1302 nulla
1098 1236 1267 1302 tribuetur.
1306 1238 1354 1302 sin
1376 1255 1436 1302 uere

325 1338 377 1404 hie
406 1338 575 1404 residentes
602 1337 789 1405 desiderium
819 1345 961 1404 nostrum
990 1339 1191 1405 maluerimus
1220 1341 1352 1422 explere,
1374 1341 1438 1422 quid

326 1446 447 1526 agimus
463 1442 500 1506 de
515 1441 699 1507 sacramenti
714 1441 783 1520 fide,
799 1460 894 1524 quam
904 1442 1078 1522 senioribus
1090 1442 1206 1508 nostris
1218 1442 1437 1508 uelocissimum

326 1546 462 1612 reditum
483 1544 667 1626 pollicentes
689 1544 812 1610 dedisse
835 1563 891 1611 uos
912 1545 1066 1625 nouimus,
1091 1549 1126 1610 ot
1143 1545 1193 1610 uel
1208 1545 1326 1612 cursim
1342 1545 1464 1611 literato

296 1649 413 1722 3nobis
435 1649 527 1713 huius
550 1647 725 1730 prouinciae
740 1650 865 1713 sanctos
882 1666 917 1712 ae
934 1646 1126 1714 monasteria
1141 1648 1295 1715 euenire?
1318 1669 1437 1732 eumque

324 1755 369 1818 sie
399 1754 577 1818 aestuantes
605 1750 680 1833 quid
708 1769 801 1834 super
828 1753 914 1816 statu
943 1751 1056 1816 salutis
1087 1751 1211 1818 nostrae
1243 1751 1437 1818 definiendum

325 1859 404 1920 esset
433 1871 628 1936 nequaquem
654 1852 795 1918 inuenire
823 1871 994 1936 possemus,
1024 1855 1089 1920 solo
1112 1857 1233 1939 gemitu
1256 1855 1437 1920 testabamur

325 1959 507 2025 durissimae
537 1957 725 2022 condicionis
747 1956 974 2037 necessitatem,
1001 1962 1182 2024 aeeusantes
1206 1957 1436 2022 teneritudinem

324 2061 437 2128 frontis
466 2065 588 2126 nostrae
615 2063 648 2125 et
675 2060 848 2144 ingenitam
876 2059 966 2124 nobis
995 2061 1214 2127 uerecundiam
1248 2061 1464 2134 detestantesn

324 2167 412 2232 cuius
435 2182 524 2230 onere
548 2165 742 2246 praegrauati
766 2163 864 2228 etiam
885 2165 995 2228 eontra
1017 2161 1188 2228 utilitatem
1204 2183 1241 2229 eo
1256 2164 1436 2246 propesitum

323 2270 464 2334 nostrum
487 2267 691 2332 retinentium
713 2266 857 2348 precibus
880 2266 958 2332 alias
981 2283 1041 2331 nen
1064 2267 1278 2350 potuissemus
1302 2268 1436 2334 obsistere

322 2371 384 2438 nisi
406 2370 619 2437 maturissimo
642 2371 745 2436 reditu
767 2371 963 2453 repromisso,
992 2369 1080 2434 illius
1102 2370 1222 2436 seilicet
1245 2387 1300 2436 nos
1323 2369 1435 2452 pudoris

315 2478 399 2561 ¹uitio
414 2476 569 2540 laborasse
584 2473 742 2558 deflentes,
759 2473 796 2537 de
814 2491 873 2556 quo
889 2474 1021 2540 dieitur:
1038 2474 1097 2538 est
1118 2474 1243 2555 pudor
1265 2473 1435 2538 adserens

322 2579 533 2664 peceatum.
1443 2597 1462 2637 u

366 2681 426 2767 lll.
448 2680 528 2746 Tum
564 2696 638 2764 ego:
676 2678 901 2764 Conpendium
941 2681 1078 2762 inquam,
1123 2679 1292 2764 angoribus
1329 2679 1436 2745 adlerrt

323 2784 438 2848 nostris
462 2783 638 2863 eonsilium,
667 2784 763 2848 immo
786 2783 954 2849 auotoritas
976 2783 1070 2863 senis,
1093 2783 1132 2848 ad
1154 2802 1248 2865 quem
1271 2785 1388 2866 oportet
1408 2783 1436 2843 ut

323 2888 445 2953 nostras
472 2887 700 2952 sollicitudines
726 2887 912 2968 deferamus,
943 2890 975 2952 et
997 2885 1148 2969 quidquid
1171 2887 1237 2952 eius
1260 2887 1356 2952 fuerit
1375 2904 1435 2950 seu-

323 2989 422 3076 tentia
443 2988 618 3067 definitum,
642 2991 730 3056 uelut
752 2989 895 3055 diuinum
918 2992 950 3054 et
972 2990 1106 3055 caeleste
1128 3005 1310 3072 responsum
1327 2989 1435 3056 eunetis

322 3093 456 3158 aestibus
485 3092 598 3158 nostris
627 3092 797 3158 terminum
825 3095 930 3176 ponat.
968 3095 1049 3176 quod
1076 3093 1202 3175 quidem
1225 3093 1313 3158 nobis
1335 3111 1387 3176 per
1407 3107 1462 3154 oser

322 3196 423 3261 saneti
445 3195 538 3260 huius
559 3215 579 3262 a
600 3196 724 3261 domino
746 3196 945 3261 tribuendum
968 3199 1000 3262 et
1023 3197 1061 3264 ob
1084 3196 1172 3262 illius
1195 3197 1343 3262 meritum
1359 3199 1388 3259 et
1402 3192 1435 3257 ob

322 3304 459 3366 nostram
482 3299 574 3363 fidem
598 3298 728 3362 minime
744 3299 930 3365 dubitemus.
965 3283 1064 3381 ipsius
1081 3298 1165 3364 enim
1180 3317 1308 3364 munere
1324 3298 1435 3364 salubre

322 3402 484 3470 eonsilium
513 3406 545 3467 et
573 3401 693 3467 creduli
720 3402 759 3467 ab
789 3403 925 3487 indignis
954 3404 988 3467 et
1013 3403 1165 3469 inereduli
1196 3423 1214 3468 a
1243 3403 1361 3468 sanetis
1382 3400 1436 3464 lre·

321 3510 449 3588 quenter
476 3505 582 3588 adepti
611 3508 693 3583 sunt,
724 3505 849 3571 domino
871 3507 904 3571 id
927 3507 978 3572 uel
1000 3509 1126 3589 propter
1147 3507 1299 3572 meritum
1322 3523 1435 3586 respon·

423 3678 455 3731 19
476 3677 553 3732 Prov.
570 3677 612 3745 26,
632 3679 664 3732 11
684 3677 778 3746 (LXX)

371 3819 547 3887 teldcatiter
564 3833 637 3886 wa
720 3833 890 3888 3ammittit
906 3835 935 3886 Σ
1025 3833 1099 3902 dae]
1117 3833 1210 3888 autO
1296 3832 1376 3888 onos
1392 3844 1435 3882 ose

319 3920 376 3979 ΠΙ
442 3918 570 3972 711er
666 3919 811 3988 degemus
828 3919 859 3972 Π
953 3919 995 3990 de]
1015 3935 1044 3974 es
1062 3922 1088 3972 Υ
1179 3917 1350 3988 recrementi}
1366 3931 1435 3985 spon·

320 4004 404 4059 sionis
420 4004 527 4060 HYOe
621 4006 652 4060 11
671 4006 790 4060 eureuire
809 4006 837 4058 Σ
866 4006 1004 4060 eireumire
1022 4005 1091 4058 ΠΤι
1180 4001 1396 4074 pedententim
1411 4000 1436 4052 io

319 4093 405 4146 l‘est:
423 4091 454 4146 11
542 4092 700 4161 qumqueO
792 4094 825 4148 14
836 4091 1067 4148 eendtionisnr
1160 4095 1190 4146 16
1204 4087 1378 4147 honereY'O

320 4179 352 4232 18
369 4177 529 4248 repromisso
546 4177 598 4232 hue
615 4179 643 4232 Σ
754 4178 971 4248 elangentibus
989 4179 1017 4232 Σ
1126 4177 1307 4248 aequisque
1326 4175 1377 4228 ΤΟ

303 4262 353 4317 ·24
369 4262 449 4318 uelud
467 4265 493 4314 Τ
608 4279 761 4332 responsum
780 4264 818 4315 Πι
934 4265 1140 4334 stirpenses
1253 4255 1434 4318 senioreto

316 4349 355 4400 Π1
459 4349 493 4402 28
511 4347 545 4402 ab
563 4349 684 4418 indignis
702 4354 729 4404 et
746 4349 878 4406 inereduli
896 4367 946 4408 om.
966 4351 996 4402 Π
1097 4349 1131 4406 29
1148 4350 1251 4424 autenti
1267 4349 1297 4401 Π
