3092 4967
547 442 708 497 Ccnlutic
731 442 785 509 111,
801 441 845 497 22.
1218 442 1261 509 95

172 632 231 696 His
260 650 318 698 nus
348 631 541 698 sermonibus
574 631 712 697 eruditos
741 630 824 697 abbe
855 630 1023 699 Pufnutins
1052 650 1068 697 e
1098 650 1155 697 ene
1183 632 1293 697 cellu4

134 754 191 800 nun
222 736 289 799 tum
319 736 435 800 alucree
458 754 553 817 quum
576 738 767 818 conpunctus
791 732 882 799 corde
904 737 976 799 ante
999 733 1137 799 medium
1160 734 1261 799 nectis

133 839 247 917 emisit,
275 839 334 903 hcc
364 837 452 904 nobie
481 838 680 921 praecipuum
703 855 777 905 suae
800 838 982 903 conlationis
1006 836 1167 903 conferens
1189 856 1262 902 mu-

131 960 210 1020 nere,
240 946 278 1006 ut
309 957 380 1005 cum
409 958 465 1023 per
494 939 771 1008 abrenuntiationis
799 940 917 1023 primee
948 940 1258 1021 consummationem,

111 1064 221 1126 equum
252 1046 321 1110 tutu
350 1044 468 1109 uirtute
489 1044 693 1109 studebamus
715 1044 845 1125 inplere,
869 1045 1058 1128 attingenda
1080 1043 1167 1109 nobis
1190 1063 1259 1126 per-

131 1148 271 1213 fectionis
303 1146 441 1212 culmine
475 1148 677 1226 crederemus,
705 1146 915 1229 inciperemus
937 1165 1103 1231 agnuscere
1126 1149 1259 1213 necdum

130 1269 183 1315 nce
217 1250 358 1333 coepisse
391 1251 613 1316 monachorum
640 1250 771 1333 fastigia
800 1252 964 1329 somniare,
994 1250 1108 1334 quippe
1139 1248 1192 1332 qui
1222 1248 1260 1313 de

131 1356 266 1421 ucnnda
279 1353 552 1420 abrenuntiatione
568 1372 679 1436 purum
694 1354 769 1436 quid
782 1356 813 1419 in
826 1352 979 1419 coenobiis
992 1353 1107 1419 eruditi
1119 1353 1257 1434 tertium,

130 1457 247 1540 inqua
271 1459 370 1524 omnis
391 1457 539 1539 perfectio
562 1458 739 1522 continetur
761 1475 900 1540 quaeque
915 1456 988 1522 illes
1004 1457 1166 1523 inferiores
1181 1455 1259 1521 duee

100 1584 123 1623 lc
131 1561 240 1625 multis
262 1559 421 1644 praecenit
442 1561 551 1640 medie,
577 1580 617 1626 ne
639 1560 750 1625 auditu
764 1560 889 1643 quidem
906 1578 962 1627 nus
978 1565 1072 1627 antee
1086 1560 1259 1643 percepisse

130 1681 299 1729 nossemus.

178 1954 194 2005 1
226 1950 298 2005 ebbe
321 1953 367 2007 W:
401 1951 484 2007 nbbue
509 1951 609 2009 DOPv
712 1952 729 2005 2
755 1954 921 2021 conpunctus
949 1952 994 2009 W²
1096 1952 1113 2006 4
1138 1968 1185 2021 per
1211 1968 1261 2009 ccc.

134 2054 170 2109 W
271 2055 287 2108 ‘1
314 2055 437 2109 manech.
465 2054 506 2109 D¹
609 2056 627 2110 8
653 2043 775 2110 coenobie
802 2054 832 2109 D
935 2054 952 2109 9
976 2056 1129 2109 contenetur
1151 2054 1192 2109 D*

131 2140 161 2193 10
177 2140 308 2195 auditum
326 2140 351 2196 0
435 2142 560 2210 recipicee
578 2141 602 2198 0
688 2142 719 2196 11
739 2156 885 2196 noscemus.
909 2141 1028 2211 Explicit
1045 2142 1162 2195 conlatio
1180 2142 1261 2209 (colle

128 2228 165 2296 P)
197 2226 307 2285 emtis
323 2228 441 2295 pafnutii
459 2228 579 2297 (pttnuti
597 2228 632 2296 0)
652 2228 686 2283 de
702 2227 791 2284 tribur
809 2226 1095 2283 annuntiationibus
1112 2227 1262 2283 DWOPX

129 2347 271 2418 Incipiunt
294 2348 371 2412 (eum
387 2348 429 2417 x)
451 2349 572 2418 uptun
589 2348 622 2405 ue
639 2348 748 2404 euentu
765 2339 839 2417 <auci
855 2349 897 2417 n)
922 2348 1056 2404 eminens
1075 2312 1199 2416 (unctu
1217 2347 1260 2416 x)

129 2435 282 2491 cnutone
299 2434 373 2491 DX:
402 2452 453 2492 cru.
471 2436 536 2493 WP
560 2436 664 2506 Incipit
684 2436 801 2493 conlatio
825 2436 930 2493 ubbeffie
953 2436 1067 2491 nnete
1084 2436 1117 2491 de
1134 2435 1259 2505 cuncupi-

130 2520 231 2577 mu·
248 2523 340 2579 cernis
357 2525 386 2577 et
402 2524 539 2593 epiriturn.
568 2522 671 2593 Incipit
687 2523 846 2593 cepitulutic
864 2522 983 2579 eiusdem
1001 2522 1026 2579 0
