3092 4967
500 493 656 549 Conlatio
678 493 751 561 XXI,
772 494 880 549 19-22.
1192 498 1258 565 595

10 712 11 715 “
125 702 181 749 ons
212 688 396 761 curuantur,
430 682 505 766 quia
537 682 662 749 inflexio
696 702 833 767 genuum
861 685 952 750 uelut
980 684 1192 769 paenitentiae
1221 704 1258 752 ac

10 794 12 877 J
124 788 229 853 luctus
259 787 412 851 indicium
441 787 495 849 est:
533 789 615 852 unde
643 786 740 853 etiam
768 806 824 869 per
854 788 960 853 omnia
985 788 1113 855 mndem
1135 788 1169 852 in
1191 790 1256 855 illis

10 912 11 935 ³
124 890 372 955 sollemnitatem
396 906 490 972 quam
514 889 564 954 die
588 889 746 954 dominica
768 890 974 970 custodimus,
996 890 1256 974 inquamaiores

123 994 226 1061 nostri
250 1012 306 1058 uec
327 992 479 1058 ieiunium
507 991 664 1077 agendum
687 1012 744 1058 nec
766 1012 848 1077 genu
875 993 1062 1060 flectendum
1092 996 1131 1060 ob
1165 1014 1254 1059 reue·

10 1158 12 1185 ,
103 1099 262 1166 arentiam
285 1096 519 1162 resurrectionis
546 1094 717 1161 dominicae
740 1098 947 1163 tradiderunt.

164 1200 256 1265 XXI.
280 1216 483 1265 annusuvs:
507 1198 656 1265 Potestne
679 1199 758 1266 haec
782 1220 853 1265 caro
875 1201 1011 1267 insolitis
1034 1202 1255 1267 blandimentis

122 1304 190 1369 mm
214 1303 326 1387 longae
349 1302 537 1368 festiditatis
560 1302 678 1368 inlecta
699 1321 759 1369 nou
790 1302 909 1386 aliquid
936 1308 1118 1370 sentuosum
1140 1303 1178 1369 de
1198 1304 1254 1369 illo

10 1462 11 1465 ,
122 1407 271 1489 quamuis
300 1406 421 1471 absciso
449 1404 600 1470 uitiorum
630 1404 741 1471 fomite
762 1408 947 1489 germinare,
975 1408 1033 1471 aut
1053 1426 1142 1472 mens
1163 1424 1253 1488 prae·

121 1510 260 1593 sumptis
276 1511 361 1575 ultra
376 1510 634 1575 consuetudinem
650 1508 781 1592 dapibus
797 1514 925 1576 onerato
939 1528 1000 1575 non
1013 1528 1089 1595 erga
1099 1509 1254 1575 famulum

89 1631 238 1697 scorpus
273 1613 406 1696 rigorem
442 1612 662 1677 dominationis
695 1612 862 1690 inflectere,
896 1613 1081 1695 praesertim
1114 1631 1186 1678 cum
1220 1612 1254 1675 in

119 1717 213 1782 nobis
238 1718 367 1781 uiridior
391 1716 477 1781 aetas
493 1714 555 1781 cito
572 1718 612 1781 ad
626 1716 829 1783 rebellionem
854 1716 981 1781 subdita
996 1715 1140 1781 membra
1154 1715 1254 1798 possit

118 1820 306 1902 conpellere,
330 1820 359 1883 si
381 1819 432 1884 nel
455 1836 539 1884 escas
562 1818 671 1885 solitas
698 1819 909 1885 abundantius
930 1819 983 1884 uel
1005 1820 1090 1884 certe
1112 1817 1253 1884 insolitas

117 1924 268 1989 licentius
290 1926 545 2004 praesumamus?

161 2026 271 2091 XXII.
294 2042 469 2091 annosus:
497 2024 530 2090 Si
552 2024 733 2094 rationabili
759 2028 876 2093 mentis
899 2026 1047 2093 uniuersa
1069 2044 1148 2108 qnae
1169 2024 1253 2107 geri·

86 2150 191 2205 ,smus
225 2128 436 2213 adpendsmus
467 2128 606 2194 examine
637 2131 670 2194 et
702 2130 740 2193 de
770 2132 910 2212 puritate
939 2130 1038 2197 cordis
1068 2129 1168 2194 nostri
1191 2144 1252 2193 nou

118 2234 259 2299 aliorum
280 2233 404 2310 iudicia,
427 2231 482 2296 sed
504 2234 643 2297 nostram
665 2251 786 2316 semper
804 2234 1025 2299 conscientiam
1043 2232 1251 2308 consulemus,

117 2338 243 2402 certum
268 2336 317 2400 eat
339 2335 434 2400 istam
456 2334 636 2401 relectionis
658 2335 928 2418 intercapedinem
943 2337 1045 2402 iustae
1063 2334 1252 2399 districtioni

118 2442 231 2506 obesse
254 2458 316 2505 non
338 2458 438 2521 pesse,
463 2438 492 2503 si
515 2438 606 2504 modo
632 2442 669 2503 ut
691 2438 813 2503 dictum
828 2442 876 2504 est
891 2456 1021 2521 aequam
1036 2436 1251 2520 indulgentiae

117 2544 398 2627 continentiaeque
430 2561 609 2607 mensuram
643 2542 712 2625 pari
742 2542 831 2607 lance
861 2544 1051 2626 perpendens
1084 2544 1251 2620 utramque

82 2647 272 2718 assimiliter
294 2646 489 2711 nimietatem
513 2664 602 2710 mens
623 2644 805 2730 incorrupta
827 2647 968 2731 castiget,
988 2647 1021 2711 et
1034 2646 1143 2709 utrum
1158 2641 1252 2726 spiri·

115 2751 189 2816 tum
221 2752 364 2813 nostrum
395 2746 580 2813 deliciarum
611 2748 765 2831 deprimat
796 2748 928 2830 pondus,
959 2767 1001 2814 an
1022 2766 1095 2813 uero
1118 2748 1251 2812 alteram

114 2853 179 2919 hoc
202 2856 252 2917 est
274 2853 409 2934 corporis
423 2852 553 2933 ‚partem
577 2852 676 2916 maior
699 2851 911 2917 abstinentiae
926 2852 1058 2917 inclinet
1072 2849 1249 2930 austeritas,

115 2976 195 3023 uera
217 2956 403 3021 discretione
420 2954 604 3038 distinguat,
629 2954 717 3019 illem
733 2954 786 3020 uel
801 2953 999 3037 conprimens
1013 2955 1066 3020 uel
1081 2953 1250 3020 subleuans

114 3060 307 3142 portionem,
329 3077 425 3141 qnam
446 3058 498 3123 uel
521 3058 628 3123 extolli
658 3058 794 3125 senserit
815 3059 867 3125 uel
889 3060 1027 3145 macari.
1063 3057 1144 3123 nihil
1165 3056 1279 3132 enims

81 3162 266 3235 „dominus
290 3163 396 3226 nostor
419 3162 458 3225 ad
481 3162 604 3227 cultum
626 3162 720 3243 atque
741 3162 892 3228 honorem
905 3182 996 3228 snum
1012 3164 1128 3243 abacum
1142 3159 1250 3225 iudicii

114 3266 335 3332 moderatione
351 3264 422 3330 uult
436 3262 512 3343 fieri,
529 3266 601 3348 quia
616 3266 737 3330 honor
759 3268 866 3351 regis
890 3266 1081 3333 iudicium
1097 3262 1249 3347 diligit

115 3374 149 3435 et
183 3369 300 3434 idcirco
335 3367 587 3451 sapientissimus
622 3366 778 3445 Salomon,
814 3371 851 3433 ut
883 3370 917 3433 in
950 3369 1093 3433 nautam
1126 3367 1249 3450 partem

221 3513 257 3569 26
273 3513 318 3571 Ps.
337 3514 378 3579 98,
396 3515 414 3568 4

170 3644 318 3699 linllsxuo
335 3643 440 3700 B¹F¹O
531 3643 612 3698 uelud
629 3645 656 3699 Β
749 3645 833 3714 penit.
852 3645 908 3701 ΒΟ
932 3645 1069 3715 poenitat
1161 3641 1250 3698 asol-

113 3732 218 3801 lempn.
236 3731 264 3785 Β
360 3732 466 3801 4geun
485 3732 575 3799 (lenus
598 3730 631 3799 0)
649 3745 706 3785 esse
727 3731 795 3802 Οβυ
890 3730 1066 3787 flectendaO
1167 3728 1249 3785 8ab·

114 3817 198 3871 scisso
221 3816 283 3872 K¹c
387 3818 420 3870 10
442 3817 573 3886 quan
676 3817 708 3871 11
731 3819 787 3872 cita
806 3818 834 3872 Β
852 3832 923 3873 corr.
1025 3817 1113 3887 possit
1129 3817 1249 3871 membre

119 3902 187 3973 Οβυ
292 3902 324 3956 12
348 3902 391 3957 uel
409 3904 510 3957 incerte
533 3903 574 3957 Β1
677 3902 710 3956 14
727 3904 854 3958 uniuersa
871 3920 939 3974 quae
955 3905 1075 3973 gerimus
1092 3900 1247 3957 rationabili

115 3989 217 4043 mentis
244 3987 310 4059 Ode
420 3989 453 4043 16
475 3989 577 4045 indicia
598 3991 711 4059 scripsi:
741 3990 845 4044 indicia
865 3990 925 4045 BF
955 3990 1085 4045 indicium
1113 3988 1180 4059 Οβυ

115 4075 286 4130 consolemua
312 4074 388 4130 B¹Z¹
492 4076 523 4131 17
550 4076 770 4145 intercapidinam
797 4076 839 4131 Κ·
942 4076 1110 4131 destrictioni
1127 4075 1167 4129 F*
1194 4074 1248 4129 dio·

114 4161 230 4215 crationi
251 4160 286 4229 0,
302 4159 471 4215 districtione
487 4160 516 4231 βῑ
622 4160 657 4215 21
675 4161 861 4233 dilitiarumd
964 4163 1080 4217 dierum
1097 4161 1180 4218 BFO

114 4246 151 4301 22
172 4248 250 4316 parte
269 4247 298 4301 Β
400 4248 435 4303 25
453 4246 552 4317 noster]
572 4262 623 4301 non
642 4246 706 4314 ΒΒ,
725 4254 816 4305 ortum
832 4264 868 4305 sc
885 4250 1075 4320 wicciseimo
1092 4249 1248 4318 conpendio

10 1208 12 1289 l

116 4339 205 4419 ipro
218 4352 309 4405 noster
395 4351 482 4421 adque
494 4351 536 4405 Κ·
622 4350 657 4407 26
673 4351 747 4422 regis
765 4368 816 4408 om.
833 4352 864 4408 F
947 4353 982 4409 22
1000 4353 1118 4409 admon
1136 4352 1179 4407 Κι

116 4437 146 4491 in
163 4454 215 4492 om.
232 4437 261 4491 Β
921 4458 925 4465 ·

1104 4546 1161 4601 38*
