3092 4967
503 464 666 521 Conlatio
690 464 809 531 XVIIII,
827 468 903 521 4-6.
1201 469 1264 537 539

140 676 243 721 rerum
274 654 407 720 uinculis
437 653 623 735 conpediret,
654 656 734 737 elegi
764 656 855 720 huius
885 657 1068 740 disciplinae
1092 663 1263 742 utcumque

139 759 258 842 inplere
295 760 484 842 propositum
521 776 612 839 quam
653 758 686 821 in
719 758 775 822 illa
811 760 876 822 tam
912 758 1041 823 sublimi
1074 759 1265 843 professione

138 862 311 927 carnalium
345 860 565 925 necessitatum
598 860 773 941 pronisione
807 862 940 944 torpere,
973 866 1020 942 nt,
1045 862 1072 925 si
1101 863 1180 927 mihi
1207 864 1264 928 illa

138 966 270 1030 libertas
307 982 343 1028 ao
379 962 534 1045 spiritales
572 964 763 1047 denegentur
801 982 952 1047 omnesne,
998 965 1121 1030 abiecta
1156 970 1264 1031 tamen

118 1069 293 1133 corastinae
325 1066 386 1130 diei
419 1065 545 1148 penitus
579 1064 791 1130 sollicitudine
824 1067 998 1151 euangelici
1026 1087 1077 1132 me
1106 1069 1264 1150 praecepti

137 1170 364 1237 consommatio
394 1167 577 1251 consoletur,
609 1172 641 1232 et
670 1168 712 1251 id,
743 1168 826 1251 quod
857 1169 935 1232 mihi
957 1170 996 1233 de
1017 1170 1073 1233 illa
1094 1170 1265 1235 theoretica

136 1273 335 1339 sublimitate
357 1270 563 1351 subtrahitur,
585 1271 644 1336 hac
667 1271 882 1337 oboedientiae
903 1272 1092 1338 subiectione
1107 1277 1261 1355 pensetur.

136 1376 288 1441 miserum
318 1390 450 1455 namque
480 1377 527 1437 est
559 1374 728 1440 cuiuslibet
760 1374 837 1438 artis
866 1392 902 1439 ac
932 1374 1029 1439 studii
1065 1374 1263 1458 disciplinam

135 1477 318 1562 qnempiam
340 1476 478 1558 profiteri
503 1478 535 1540 et
558 1478 596 1541 ad
619 1476 840 1557 perfectionem
863 1477 929 1541 eius
951 1477 1079 1541 minime
1093 1478 1264 1559 peruenire.

103 1630 128 1668 ro
182 1600 238 1663 VI.
266 1596 471 1677 Quamobrem
504 1598 628 1679 quantis
662 1614 743 1663 nuno
776 1597 809 1662 in
843 1598 900 1662 hac
932 1601 1163 1664 conuersatione
1194 1620 1264 1684 per·

135 1703 224 1768 fruar
248 1701 428 1785 commodis,
454 1700 591 1765 breuiter
606 1700 776 1783 explicabo.
814 1718 869 1765 nos
892 1702 999 1766 utrum
1014 1703 1073 1767 illa
1086 1703 1264 1767 solitudinis

135 1809 226 1873 lucra
263 1806 312 1869 his
350 1804 503 1870 beneficiis
540 1804 666 1868 ualeant
709 1806 884 1886 conpensari
928 1806 1050 1888 digesta
1086 1807 1264 1871 narratione

134 1908 330 1993 perpendite,
361 1925 415 1989 per
444 1922 537 1987 qnam
562 1906 655 1969 etiam
679 1906 736 1971 hoc
757 1905 887 1987 probare
909 1908 1054 1990 possibile
1077 1912 1134 1987 est,
1160 1913 1264 1974 utrum

134 2010 266 2076 fastidio
296 2028 334 2092 an
366 2008 518 2073 desiderio
549 2008 706 2073 solitariae
735 2009 822 2073 illins
852 2012 998 2092 puritatis
1028 2010 1076 2075 his
1098 2010 1265 2075 maluerim

103 2144 125 2183 re
135 2115 281 2181 coenobii
303 2112 458 2194 angustiis
482 2114 624 2176 coartari.
660 2113 690 2176 in
713 2111 772 2176 hac
795 2114 894 2196 igitur
910 2114 1144 2178 conuersatione
1160 2113 1265 2178 diurni

134 2218 240 2301 operis
256 2217 345 2281 nulla
360 2215 504 2297 pronisio,
521 2214 709 2280 uenditionis
726 2216 777 2279 nel
793 2215 995 2296 coemptionis
1007 2217 1095 2280 nulla
1106 2218 1264 2293 distentio,

133 2342 197 2388 non
223 2322 319 2385 annui
342 2318 433 2403 panis
456 2318 649 2383 ineuitabilis
673 2336 757 2397 cnra,
781 2338 842 2383 non
865 2318 1041 2383 sollicitudo
1057 2320 1264 2401 corporalium

133 2444 255 2507 rerum,
279 2440 338 2505 qua
360 2440 421 2485 non
444 2422 568 2485 tantum
590 2422 734 2502 propriis,
760 2422 813 2486 sed
836 2422 933 2485 etiam
949 2421 1119 2486 multorum
1136 2424 1264 2486 adueni-

135 2528 261 2592 entinm
291 2524 399 2588 usibus
430 2524 605 2588 necessaria
627 2526 859 2605 praeparantur,
890 2526 1045 2607 postremo
1068 2524 1154 2588 nulla
1177 2523 1264 2589 adro·

99 2654 124 2693 so
133 2630 248 2716 gantis
262 2626 364 2692 landis
380 2626 543 2701 humanae,
560 2644 638 2708 qnae
653 2627 831 2691 inmundior
842 2626 890 2690 his
901 2625 1045 2691 omnibns
1055 2625 1088 2689 in
1102 2630 1263 2707 conspectu

134 2733 186 2799 dei
226 2732 323 2795 etiam
360 2746 488 2813 magnos
525 2727 644 2792 heremi
685 2731 806 2794 labores
842 2745 1075 2811 nonnumquam
1113 2746 1264 2793 euacnare

133 2833 310 2902 consueuit.
356 2850 463 2896 nerum
502 2833 539 2895 nt
571 2832 603 2895 in
641 2834 697 2896 illa
732 2831 948 2897 anachoretica
992 2830 1157 2913 disciplina
1192 2831 1295 2897 illos2

133 2940 311 3005 elationum
343 2934 533 3016 spiritalium
563 2934 677 3000 flnctus
699 2938 731 2999 et
753 2935 922 2999 exitiabilis
943 2934 1126 2999 cenodoxiae
1148 2934 1265 3017 pericla

132 3044 341 3127 praeteream,
373 3040 411 3104 ad
442 3038 499 3103 hoc
527 3038 673 3121 generale
697 3041 880 3102 cunctorum
904 3041 1033 3122 pondus,
1056 3038 1088 3103 id
1111 3044 1159 3101 est
1181 3056 1264 3102 com·

98 3163 266 3212 romonem
299 3142 428 3225 parandi
463 3142 567 3206 uictus
601 3142 843 3206 sollicitudinem
879 3144 1084 3224 reuertamur,
1118 3159 1195 3222 qnae
1229 3159 1264 3205 eo

133 3266 237 3331 usqne
261 3262 435 3310 mensuram
460 3256 521 3309 non
544 3244 612 3308 dioo
628 3244 713 3307 illius
738 3243 885 3324 antiquae
901 3241 1107 3307 districtionis
1123 3242 1263 3317 excessit,

133 3371 218 3435 quae
250 3368 341 3413 usum
371 3347 494 3430 penitus
517 3348 574 3411 olei
599 3346 766 3423 nesciebat,
798 3349 851 3411 sed
875 3365 913 3409 ne
935 3346 993 3409 hac
1015 3344 1140 3427 quidem
1163 3343 1263 3408 nostri

132 3452 290 3535 temporis
324 3450 504 3515 remissione
539 3450 640 3532 coepit
673 3466 738 3513 esse
769 3449 924 3527 contenta,
955 3447 989 3511 in
1019 3465 1080 3529 qua
1108 3463 1170 3511 uno
1203 3445 1264 3510 olei

244 3670 312 3725 hof.
331 3668 381 3723 Mt.
399 3670 424 3731 6,
443 3668 478 3721 34

190 3884 202 3935 1
232 3877 388 3946 competiret
405 3874 442 3930 1⁴¹¹
474 3872 632 3943 conpederet
649 3874 687 3928 Βί
718 3872 851 3941 inpediret
868 3873 897 3924 K
902 3875 938 3934 (o)
1041 3870 1181 3939 2inplere
1200 3869 1265 3925 OR:

132 3968 216 4037 impl.
243 3964 302 4018 rell.
404 3962 422 4015 4
447 3960 579 4029 spiritalis
605 3959 754 4029 denegatur
780 3958 808 4013 R
911 3959 928 4011 6
955 3955 1072 4011 theorica
1097 3956 1198 4012 ORKc

133 4060 166 4113 11
188 4070 240 4107 uos
253 4048 460 4105 nerontxan
552 4048 584 4101 1⁸2
601 4046 804 4114 conpensareO
896 4045 928 4099 16
946 4047 987 4097 est
1005 4044 1121 4113 pronicio
1138 4044 1179 4096 B¹
1207 4058 1266 4110 pro-

132 4142 208 4197 nisio
225 4140 298 4191 estc
388 4137 484 4189 coeunt.
503 4134 530 4187 B
619 4132 749 4186 distensio
767 4131 835 4185 BP
860 4131 1002 4184 dicetensio
1020 4128 1059 4183 F¹
1152 4130 1185 4183 18
1201 4130 1266 4197 qnia

134 4228 159 4284 O
268 4224 301 4276 19
325 4220 485 4287 adrogantia
505 4218 567 4274 OR:
597 4234 684 4287 arrog.
703 4218 763 4271 rell.
867 4216 900 4271 21
924 4229 1124 4283 nonnumquam
1139 4228 1266 4267 enecuere

132 4308 280 4369 consueuit
303 4304 423 4361 BFOR=
452 4304 604 4373 frequenter
621 4304 732 4357 enacnat
756 4302 808 4356 Ko
910 4300 944 4354 22
967 4299 1111 4355 anachorit.
1136 4298 1197 4353 0R¹

132 4398 170 4452 23
189 4390 363 4449 coenodoxiae
384 4389 469 4443 ΒΓΚ
557 4388 676 4457 pericula
695 4386 796 4443 ORKo
885 4383 1116 4439 redemissent
1134 4384 1199 4440 13¹0
