3092 4967
273 391 338 459 340
664 388 828 444 Iohannis
847 386 1005 444 Cassiani

273 580 451 664 adprobetis
485 581 517 645 et
549 581 642 645 istam
676 577 811 659 eorporis
842 594 989 659 pugnam,
1023 592 1101 657 quoe
1138 572 1269 640 inimioa
1304 574 1390 641 uobis

272 685 401 767 putatur
435 702 471 748 ao
506 683 605 763 nuria,
644 679 765 746 utiliter
802 677 952 744 membris
988 676 1102 743 nostris
1138 678 1289 743 insertam
1325 695 1391 743 esse

273 785 469 853 doceamini?
490 784 681 850 considerate
704 798 815 866 quaeso
840 781 912 847 illos
935 781 988 863 qui
1003 797 1129 863 corpora
1147 781 1221 843 sunt
1241 780 1393 863 spadones

275 906 352 970 quae
379 886 545 969 praecipue
567 903 661 951 eausa
683 886 717 949 in
739 882 913 949 uirtutibus
939 881 1122 964 adpetendis
1143 882 1264 947 desides
1286 880 1393 947 reddat

276 1008 312 1055 ao
339 990 468 1072 tepidos.
507 1007 609 1055 nonne
636 987 709 1069 quia
736 986 982 1067 oonrumpendae
1011 984 1169 1050 uastitatis
1201 985 1335 1049 eredunt
1363 1003 1425 1049 ses

245 1092 450 1177 iperioulum
471 1110 531 1157 non
553 1090 690 1157 habere?
716 1091 796 1171 quod
818 1091 926 1155 tamen
948 1105 1040 1153 nemo
1062 1088 1109 1153 ito
1129 1089 1327 1170 proposuisse
1345 1106 1395 1153 me

276 1196 390 1273 eredat,
418 1196 455 1261 nt
476 1196 631 1259 neminem
661 1211 768 1259 eorum
796 1194 920 1276 penitus
952 1190 1084 1257 inueniri
1105 1208 1196 1274 posse
1217 1190 1395 1256 confirmem

274 1296 411 1381 perlecta
439 1297 707 1362 abrenuntiatione
743 1295 940 1379 flagrantem,
968 1294 1022 1361 sed
1051 1295 1123 1377 quia
1150 1294 1299 1359 naturam
1321 1311 1395 1375 quo·

275 1399 438 1465 dammodo
465 1416 554 1463 suam
582 1397 721 1479 umens,
752 1398 780 1463 si
811 1396 864 1480 qni
893 1396 974 1462 forte
1003 1414 1110 1462 eorum
1137 1396 1177 1463 ad
1205 1396 1394 1479 propositam

275 1500 474 1584 perfeetionis
505 1500 644 1583 palmam
678 1518 801 1566 summa
834 1499 931 1566 animi
963 1498 1159 1565 districtione
1193 1498 1427 1582 oontendunto

277 1606 364 1669 ouius
386 1606 477 1671 ardor
500 1622 537 1669 ao
559 1602 747 1669 desiderium
769 1620 842 1667 eum
864 1620 957 1685 quem
972 1602 1068 1667 semel
1083 1602 1258 1668 aooenderit
1273 1601 1395 1684 tamem,

276 1706 373 1789 sitim,
388 1706 525 1791 uigilias,
541 1706 716 1771 nuditatem
732 1706 918 1786 onustusque
932 1704 1052 1771 laboras
1067 1704 1202 1788 eorporis
1217 1722 1280 1769 non
1295 1704 1396 1769 solum

275 1811 442 1895 patienter,
464 1830 574 1876 uerum
597 1808 691 1876 etiam
715 1808 850 1873 libenter
866 1808 1019 1875 sustinere
1035 1808 1194 1891 conpellit.
1228 1808 1293 1871 uir
1314 1806 1396 1871 enim

276 1914 313 1979 in
344 1911 545 1979 doloribus
574 1911 729 1978 laborat
759 1911 840 1976 sibi
869 1915 906 1975 et
935 1911 1014 1977 uim
1045 1911 1146 1976 lauit
1176 1910 1397 1993 perditioni

277 2032 383 2092 suae,
407 2018 439 2080 et
460 2014 592 2080 iterum:
615 2015 767 2079 animae
800 2014 933 2079 autem
967 2013 1100 2098 egenti
1123 2015 1244 2079 etiam
1266 2030 1430 2077 amaram

247 2117 413 2186 dduloia
445 2117 644 2182 uidentur.
681 2115 760 2182 alius
792 2133 926 2198 namque
962 2133 1023 2183 non
1058 2117 1205 2199 poterunt
1243 2114 1399 2181 desideria

276 2220 483 2303 praesentium
506 2238 609 2285 rerum
630 2219 681 2285 uel
703 2218 832 2300 reprimi
853 2217 904 2283 uel
919 2217 1024 2297 auelli,
1043 2217 1103 2283 nisi
1118 2235 1175 2299 pro
1189 2218 1261 2283 istis
1277 2216 1398 2281 anesi·

276 2324 334 2389 bus
357 2322 464 2406 noxiis,
487 2341 563 2405 quos
586 2322 726 2404 cupimus
749 2321 913 2404 amputari,
932 2321 986 2387 alii
1000 2321 1153 2386 salutares
1168 2318 1399 2385 luerintintro-

277 2425 372 2491 missi.
410 2425 589 2491 nullatenus
611 2424 693 2490 enim
717 2424 803 2489 udat
822 2424 978 2511 uiuaoitas
999 2423 1113 2489 mentis
1134 2424 1250 2506 absque
1271 2422 1400 2488 aliumue

277 2528 422 2596 desiderii
443 2530 494 2594 uel
517 2527 649 2607 timoris,
671 2526 778 2609 gandii
799 2526 850 2592 uel
872 2526 1020 2593 maeroris
1042 2526 1202 2592 effectione
1216 2524 1432 2600 subsisterem

277 2631 338 2699 uisi
368 2630 445 2697 boso
473 2631 579 2697 eadem
608 2631 641 2695 in
669 2631 782 2697 bonum
808 2632 931 2713 partem
953 2630 1069 2696 fuerint
1091 2628 1257 2694 inmutata.
1298 2629 1332 2692 et
1351 2628 1399 2693 id·

278 2735 358 2799 oiroo
382 2732 409 2820 si
432 2733 572 2799 carnalos
596 2734 858 2815 oonoupisosntias
880 2734 918 2798 do
941 2732 1087 2798 sordibus
1109 2730 1224 2797 uostris
1241 2731 1401 2797 desidera·

278 2854 349 2901 mus
380 2837 550 2917 extrudere,
577 2835 734 2917 spiritales
763 2838 796 2901 in
824 2854 932 2903 serum
955 2835 1032 2901 louis
1055 2834 1233 2917 plantemus
1255 2834 1400 2916 protinus

277 2939 463 3021 uoluptates,
492 2941 529 3003 ut
557 2938 607 3004 bis
637 2940 760 3005 animus
788 2940 894 3005 noster
921 2956 1044 3020 semper
1065 2938 1194 3003 innexus
1224 2939 1256 3001 et
1287 2935 1401 3002 babeat

278 3041 390 3125 quibus
411 3042 527 3123 ingiter
547 3042 719 3106 inmoratur
741 3043 775 3106 et
795 3040 969 3107 inlecebras
990 3041 1199 3123 praesentium
1220 3057 1258 3105 ao
1280 3041 1433 3122 tempos

247 3145 392 3211 4ralium
425 3144 552 3227 respuat
582 3144 777 3229 gaudiorum.
814 3161 946 3226 eumque
974 3142 1008 3207 in
1041 3141 1126 3207 buno
1156 3143 1279 3208 statum
1311 3158 1401 3228 mens

277 3252 385 3313 nostra
413 3246 579 3314 ootidianis
609 3247 761 3312 exereltiis
791 3245 914 3311 erudita
945 3244 1119 3329 profusuris,
1149 3245 1225 3310 tuno
1252 3241 1401 3309 uersiculi

278 3346 364 3414 illius
387 3348 533 3416 atleotnm
552 3350 740 3433 experientia
762 3349 890 3414 dooente
910 3348 1069 3434 pereipiat,
1092 3366 1185 3431 quem
1206 3365 1316 3413 omnes
1332 3345 1401 3430 qui·

382 3568 415 3624 ra
432 3568 509 3625 nov.
529 3570 570 3636 ro,
588 3570 621 3624 se
638 3568 733 3638 (uxr)
838 3570 871 3624 15
887 3568 965 3625 eros.
984 3569 1026 3633 er,
1044 3569 1060 3624 s
1079 3567 1174 3635 (uxr)

329 3774 346 3828 3
372 3773 518 3843 aphadones
543 3774 572 3825 Σ
600 3773 673 3843 apud.
701 3776 766 3828 sunt
789 3776 815 3827 T
921 3775 939 3830 8
965 3773 1011 3845 qni
1037 3776 1063 3827 T
1087 3774 1130 3841 (in
1154 3790 1239 3847 mors.
1264 3774 1331 3830 odd
1359 3774 1402 3829 nel

276 3858 359 3928 quod)
469 3859 486 3912 9
509 3858 650 3913 uindioant
673 3860 707 3911 pr
808 3859 869 3929 quis
892 3859 963 3914 11¹0
1072 3858 1105 3913 10
1128 3860 1248 3915 desttirt.
1273 3860 1329 3934 ΣΟ
1358 3860 1401 3915 ds·

278 3946 426 3999 atruottons
447 3942 481 3995 il
582 3944 762 3999 oonsoendent
784 3944 828 4019 0·
912 3946 946 4000 14
968 3945 1128 4017 perditionis
1151 3944 1177 3999 0
1279 3948 1311 4001 15
1338 3961 1402 4001 suas

278 4044 329 4085 om.
346 4030 376 4081 Π
468 4030 502 4084 18
518 4028 572 4084 alia
589 4030 668 4083 ΠΨ
753 4032 881 4085 salutaris
897 4033 929 4084 11
1019 4032 1054 4087 20
1070 4032 1116 4105 uei
1132 4032 1226 4103 gandii
1244 4032 1289 4088 uel
1307 4032 1335 4085 0

277 4115 309 4169 21
329 4114 411 4189 inerit
426 4115 458 4167 Π
545 4116 664 4191 inritata
681 4118 709 4169 Σ
794 4117 956 4187 tiberinalia
968 4118 1221 4189 corrupissentiaZ
1302 4120 1340 4175 24
1356 4133 1402 4173 uo-

277 4218 396 4275 nneee
422 4219 465 4274 ra
493 4200 675 4274 uorieuso
777 4221 882 4277 auxus
905 4223 931 4273 r
1030 4222 1064 4277 er
1090 4224 1156 4279 eet.
1183 4223 1209 4273 r
1310 4220 1402 4292 pone

277 4303 318 4355 Π1
420 4304 454 4358 28
471 4302 601 4373 oonuipiet
617 4304 647 4357 Π
651 4305 726 4362 ἰὈυ
1050 4336 1053 4340 ·
