<?xml version="1.0" encoding="UTF-8"?>
<!DOCTYPE html PUBLIC "-//W3C//DTD XHTML 1.0 Transitional//EN"
    "http://www.w3.org/TR/xhtml1/DTD/xhtml1-transitional.dtd">
<html xmlns="http://www.w3.org/1999/xhtml" xml:lang="en" lang="en">
 <head>
  <title>
</title>
<meta http-equiv="Content-Type" content="text/html;charset=utf-8" />
  <meta name='ocr-system' content='tesseract 3.04.00' />
  <meta name='ocr-capabilities' content='ocr_page ocr_carea ocr_par ocr_line ocrx_word'/>
</head>
<body>
  <div class='ocr_page' id='page_1' title='image "./iohanniscassian00petsgoog_0624.png"; bbox 0 0 3092 4967; ppageno 0'>
   <div class='ocr_carea' id='block_1_1' title="bbox 325 454 1063 527">
    <p class='ocr_par' dir='ltr' id='par_1_1' title="bbox 325 454 1063 527">
     <span class='ocr_line' id='line_1_1' title="bbox 325 454 1063 527; baseline -0.019 -5"><span class='ocrx_word' id='word_1_1' title='bbox 325 458 389 527; x_wconf 82' lang='grc'><strong>612</strong></span> <span class='ocrx_word' id='word_1_2' title='bbox 712 454 881 511; x_wconf 76' lang='lat' dir='ltr'><strong>Iohannis</strong></span> <span class='ocrx_word' id='word_1_3' title='bbox 903 454 1063 510; x_wconf 85' lang='lat' dir='ltr'><strong>Cassiani</strong></span> 
     </span>
    </p>
   </div>
   <div class='ocr_carea' id='block_1_2' title="bbox 277 645 1517 3523">
    <p class='ocr_par' dir='ltr' id='par_1_2' title="bbox 326 645 1437 831">
     <span class='ocr_line' id='line_1_2' title="bbox 326 645 1436 728; baseline -0.005 -16"><span class='ocrx_word' id='word_1_4' title='bbox 326 646 397 712; x_wconf 88' lang='lat' dir='ltr'><strong>sitis</strong></span> <span class='ocrx_word' id='word_1_5' title='bbox 426 665 445 711; x_wconf 88' lang='lat' dir='ltr'><strong>a</strong></span> <span class='ocrx_word' id='word_1_6' title='bbox 472 646 683 712; x_wconf 76' lang='lat' dir='ltr'><strong>dominatione</strong></span> <span class='ocrx_word' id='word_1_7' title='bbox 716 645 849 728; x_wconf 88' lang='lat' dir='ltr'><strong>peccati,</strong></span> <span class='ocrx_word' id='word_1_8' title='bbox 884 646 1041 712; x_wconf 88' lang='lat' dir='ltr'><strong>tantum</strong></span> <span class='ocrx_word' id='word_1_9' title='bbox 1070 664 1116 710; x_wconf 91' lang='lat' dir='ltr'><strong>ne</strong></span> <span class='ocrx_word' id='word_1_10' title='bbox 1143 645 1376 711; x_wconf 82' lang='lat' dir='ltr'><strong>libertatem</strong></span> <span class='ocrx_word' id='word_1_11' title='bbox 1405 646 1436 708; x_wconf 90' lang='lat' dir='ltr'><strong>iu</strong></span> 
     </span>
     <span class='ocr_line' id='line_1_3' title="bbox 326 747 1437 831; baseline -0.005 -14"><span class='ocrx_word' id='word_1_12' title='bbox 326 750 572 817; x_wconf 87' lang='lat' dir='ltr'><strong>occasionem</strong></span> <span class='ocrx_word' id='word_1_13' title='bbox 602 750 733 815; x_wconf 86' lang='lat' dir='ltr'><strong>carnis</strong></span> <span class='ocrx_word' id='word_1_14' title='bbox 763 750 884 831; x_wconf 88' lang='lat' dir='ltr'><strong>detis,</strong></span> <span class='ocrx_word' id='word_1_15' title='bbox 914 750 1023 815; x_wconf 88' lang='lat' dir='ltr'><strong>idest</strong></span> <span class='ocrx_word' id='word_1_16' title='bbox 1043 748 1280 814; x_wconf 66' lang='lat' dir='ltr'><strong>rusucurium</strong></span> <span class='ocrx_word' id='word_1_17' title='bbox 1301 747 1437 829; x_wconf 73' lang='lat' dir='ltr'><strong>ispalim</strong></span> 
     </span>
    </p>

    <p class='ocr_par' dir='ltr' id='par_1_3' title="bbox 296 850 1517 1869">
     <span class='ocr_line' id='line_1_4' title="bbox 296 850 1436 938; baseline -0.001 -24"><span class='ocrx_word' id='word_1_18' title='bbox 296 850 562 938; x_wconf 85' lang='lat' dir='ltr'><strong>4praecsptorum</strong></span> <span class='ocrx_word' id='word_1_19' title='bbox 599 852 732 921; x_wconf 87' lang='lat' dir='ltr'><strong>credatis</strong></span> <span class='ocrx_word' id='word_1_20' title='bbox 769 871 835 918; x_wconf 83' lang='lat' dir='ltr'><strong>esse</strong></span> <span class='ocrx_word' id='word_1_21' title='bbox 868 852 1026 919; x_wconf 83' lang='lat' dir='ltr'><strong>licentiam</strong></span> <span class='ocrx_word' id='word_1_22' title='bbox 1063 852 1223 917; x_wconf 89' lang='lat' dir='ltr'><strong>uitiorum.</strong></span> <span class='ocrx_word' id='word_1_23' title='bbox 1266 850 1342 915; x_wconf 85' lang='lat' dir='ltr'><strong>haec</strong></span> <span class='ocrx_word' id='word_1_24' title='bbox 1374 867 1436 914; x_wconf 91' lang='lat' dir='ltr'><strong>usro</strong></span> 
     </span>
     <span class='ocr_line' id='line_1_5' title="bbox 325 955 1517 1042; baseline -0.003 -21"><span class='ocrx_word' id='word_1_25' title='bbox 325 956 456 1023; x_wconf 88' lang='lat' dir='ltr'><strong>libertas</strong></span> <span class='ocrx_word' id='word_1_26' title='bbox 479 958 551 1039; x_wconf 87' lang='lat' dir='ltr'><strong>quia</strong></span> <span class='ocrx_word' id='word_1_27' title='bbox 573 976 727 1042; x_wconf 84' lang='lat' dir='ltr'><strong>nusquam</strong></span> <span class='ocrx_word' id='word_1_28' title='bbox 750 956 812 1021; x_wconf 90' lang='lat' dir='ltr'><strong>nisi</strong></span> <span class='ocrx_word' id='word_1_29' title='bbox 835 956 879 1021; x_wconf 85' lang='lat' dir='ltr'><strong>ibi</strong></span> <span class='ocrx_word' id='word_1_30' title='bbox 903 956 946 1021; x_wconf 85' lang='lat' dir='ltr'><strong>sit</strong></span> <span class='ocrx_word' id='word_1_31' title='bbox 975 957 1102 1022; x_wconf 86' lang='lat' dir='ltr'><strong>tanturn</strong></span> <span class='ocrx_word' id='word_1_32' title='bbox 1123 955 1177 1022; x_wconf 84' lang='lat' dir='ltr'><strong>uti</strong></span> <span class='ocrx_word' id='word_1_33' title='bbox 1200 956 1344 1021; x_wconf 90' lang='lat' dir='ltr'><strong>dominus</strong></span> <span class='ocrx_word' id='word_1_34' title='bbox 1363 970 1437 1019; x_wconf 90' lang='lat' dir='ltr'><strong>com·</strong></span> <span class='ocrx_word' id='word_1_35' title='bbox 1516 1029 1517 1036; x_wconf 7' lang='grc' dir='ltr'>ἵ</span> 
     </span>
     <span class='ocr_line' id='line_1_6' title="bbox 325 1056 1464 1144; baseline -0.004 -20"><span class='ocrx_word' id='word_1_36' title='bbox 325 1061 473 1139; x_wconf 87' lang='lat' dir='ltr'><strong>moratur,</strong></span> <span class='ocrx_word' id='word_1_37' title='bbox 489 1060 607 1126; x_wconf 86' lang='lat' dir='ltr'><strong>Paulus</strong></span> <span class='ocrx_word' id='word_1_38' title='bbox 618 1061 777 1144; x_wconf 88' lang='lat' dir='ltr'><strong>apostolus</strong></span> <span class='ocrx_word' id='word_1_39' title='bbox 788 1062 879 1127; x_wconf 90' lang='lat' dir='ltr'><strong>docet</strong></span> <span class='ocrx_word' id='word_1_40' title='bbox 892 1061 1090 1142; x_wconf 89' lang='lat' dir='ltr'><strong>domiuus,</strong></span> <span class='ocrx_word' id='word_1_41' title='bbox 1112 1059 1267 1141; x_wconf 75' lang='lat' dir='ltr'><strong>inquiens,</strong></span> <span class='ocrx_word' id='word_1_42' title='bbox 1284 1056 1464 1140; x_wconf 78' lang='lat' dir='ltr'><strong>spirituus</strong></span> 
     </span>
     <span class='ocr_line' id='line_1_7' title="bbox 326 1162 1437 1247; baseline -0.005 -18"><span class='ocrx_word' id='word_1_43' title='bbox 326 1168 402 1229; x_wconf 88' lang='lat' dir='ltr'><strong>est:</strong></span> <span class='ocrx_word' id='word_1_44' title='bbox 433 1164 500 1230; x_wconf 90' lang='lat' dir='ltr'><strong>ubi</strong></span> <span class='ocrx_word' id='word_1_45' title='bbox 532 1166 665 1230; x_wconf 86' lang='lat' dir='ltr'><strong>autem</strong></span> <span class='ocrx_word' id='word_1_46' title='bbox 688 1164 861 1247; x_wconf 91' lang='lat' dir='ltr'><strong>spiritus</strong></span> <span class='ocrx_word' id='word_1_47' title='bbox 883 1164 1048 1239; x_wconf 91' lang='lat' dir='ltr'><strong>domini,</strong></span> <span class='ocrx_word' id='word_1_48' title='bbox 1071 1163 1129 1228; x_wconf 85' lang='lat' dir='ltr'><strong>iti</strong></span> <span class='ocrx_word' id='word_1_49' title='bbox 1150 1162 1336 1228; x_wconf 82' lang='lat' dir='ltr'><strong>libertus.</strong></span> <span class='ocrx_word' id='word_1_50' title='bbox 1370 1178 1437 1241; x_wconf 83' lang='lat' dir='ltr'><strong>qua·</strong></span> 
     </span>
     <span class='ocr_line' id='line_1_8' title="bbox 325 1263 1438 1351; baseline -0.005 -20"><span class='ocrx_word' id='word_1_51' title='bbox 325 1267 450 1348; x_wconf 87' lang='lat' dir='ltr'><strong>proptor</strong></span> <span class='ocrx_word' id='word_1_52' title='bbox 481 1270 588 1351; x_wconf 81' lang='lat' dir='ltr'><strong>ignoro</strong></span> <span class='ocrx_word' id='word_1_53' title='bbox 616 1272 721 1333; x_wconf 88' lang='lat' dir='ltr'><strong>utrum</strong></span> <span class='ocrx_word' id='word_1_54' title='bbox 750 1268 835 1333; x_wconf 86' lang='lat' dir='ltr'><strong>hunc</strong></span> <span class='ocrx_word' id='word_1_55' title='bbox 862 1266 948 1332; x_wconf 87' lang='lat' dir='ltr'><strong>beati</strong></span> <span class='ocrx_word' id='word_1_56' title='bbox 978 1267 1113 1349; x_wconf 85' lang='lat' dir='ltr'><strong>apostoli</strong></span> <span class='ocrx_word' id='word_1_57' title='bbox 1142 1284 1278 1343; x_wconf 89' lang='lat' dir='ltr'><strong>sensum,</strong></span> <span class='ocrx_word' id='word_1_58' title='bbox 1310 1266 1390 1329; x_wconf 88' lang='lat' dir='ltr'><strong>siout</strong></span> <span class='ocrx_word' id='word_1_59' title='bbox 1412 1263 1438 1326; x_wconf 85' lang='lat' dir='ltr'><strong>ti</strong></span> 
     </span>
     <span class='ocr_line' id='line_1_9' title="bbox 326 1367 1438 1455; baseline -0.005 -20"><span class='ocrx_word' id='word_1_60' title='bbox 326 1372 379 1453; x_wconf 93' lang='lat' dir='ltr'><strong>qui</strong></span> <span class='ocrx_word' id='word_1_61' title='bbox 401 1372 518 1453; x_wconf 90' lang='lat' dir='ltr'><strong>experti</strong></span> <span class='ocrx_word' id='word_1_62' title='bbox 540 1376 613 1437; x_wconf 91' lang='lat' dir='ltr'><strong>sunt</strong></span> <span class='ocrx_word' id='word_1_63' title='bbox 635 1374 769 1453; x_wconf 88' lang='lat' dir='ltr'><strong>sapiunt,</strong></span> <span class='ocrx_word' id='word_1_64' title='bbox 793 1373 964 1455; x_wconf 76' lang='lat' dir='ltr'><strong>exprimere</strong></span> <span class='ocrx_word' id='word_1_65' title='bbox 985 1372 1079 1453; x_wconf 86' lang='lat' dir='ltr'><strong>atque</strong></span> <span class='ocrx_word' id='word_1_66' title='bbox 1101 1370 1257 1436; x_wconf 88' lang='lat' dir='ltr'><strong>elucidare</strong></span> <span class='ocrx_word' id='word_1_67' title='bbox 1278 1367 1438 1451; x_wconf 88' lang='lat' dir='ltr'><strong>potuerim:</strong></span> 
     </span>
     <span class='ocr_line' id='line_1_10' title="bbox 325 1473 1438 1559; baseline -0.004 -20"><span class='ocrx_word' id='word_1_68' title='bbox 325 1494 422 1539; x_wconf 88' lang='lat' dir='ltr'><strong>uuum</strong></span> <span class='ocrx_word' id='word_1_69' title='bbox 444 1477 509 1541; x_wconf 87' lang='lat' dir='ltr'><strong>scio</strong></span> <span class='ocrx_word' id='word_1_70' title='bbox 531 1475 727 1559; x_wconf 83' lang='lat' dir='ltr'><strong>apertissime</strong></span> <span class='ocrx_word' id='word_1_71' title='bbox 749 1477 839 1541; x_wconf 89' lang='lat' dir='ltr'><strong>illum</strong></span> <span class='ocrx_word' id='word_1_72' title='bbox 864 1476 961 1553; x_wconf 86' lang='lat' dir='ltr'><strong>etiam</strong></span> <span class='ocrx_word' id='word_1_73' title='bbox 983 1476 1050 1541; x_wconf 89' lang='lat' dir='ltr'><strong>sine</strong></span> <span class='ocrx_word' id='word_1_74' title='bbox 1065 1474 1256 1557; x_wconf 70' lang='lat' dir='ltr'><strong>expositione</strong></span> <span class='ocrx_word' id='word_1_75' title='bbox 1270 1473 1438 1553; x_wconf 83' lang='lat' dir='ltr'><strong>cuiusquam</strong></span> 
     </span>
     <span class='ocr_line' id='line_1_11' title="bbox 326 1572 1464 1665; baseline -0.006 -22"><span class='ocrx_word' id='word_1_76' title='bbox 326 1578 470 1643; x_wconf 83' lang='lat' dir='ltr'><strong>omuibus</strong></span> <span class='ocrx_word' id='word_1_77' title='bbox 503 1580 643 1657; x_wconf 91' lang='lat' dir='ltr'><strong>reserari,</strong></span> <span class='ocrx_word' id='word_1_78' title='bbox 673 1580 727 1662; x_wconf 90' lang='lat' dir='ltr'><strong>qui</strong></span> <span class='ocrx_word' id='word_1_79' title='bbox 760 1572 951 1665; x_wconf 74' lang='grc' dir='ltr'><strong>πρακτικήν,</strong></span> <span class='ocrx_word' id='word_1_80' title='bbox 985 1578 1020 1643; x_wconf 90' lang='lat' dir='ltr'><strong>id</strong></span> <span class='ocrx_word' id='word_1_81' title='bbox 1049 1580 1097 1643; x_wconf 91' lang='lat' dir='ltr'><strong>est</strong></span> <span class='ocrx_word' id='word_1_82' title='bbox 1129 1578 1286 1643; x_wconf 75' lang='lat' dir='ltr'><strong>ruamur</strong></span> <span class='ocrx_word' id='word_1_83' title='bbox 1315 1572 1464 1657; x_wconf 81' lang='lat' dir='ltr'><strong>periectos</strong></span> 
     </span>
     <span class='ocr_line' id='line_1_12' title="bbox 326 1677 1438 1765; baseline -0.004 -20"><span class='ocrx_word' id='word_1_84' title='bbox 326 1681 495 1746; x_wconf 89' lang='lat' dir='ltr'><strong>tenuerunt</strong></span> <span class='ocrx_word' id='word_1_85' title='bbox 524 1682 728 1765; x_wconf 82' lang='lat' dir='ltr'><strong>disciplinam.</strong></span> <span class='ocrx_word' id='word_1_86' title='bbox 768 1700 830 1746; x_wconf 90' lang='lat' dir='ltr'><strong>non</strong></span> <span class='ocrx_word' id='word_1_87' title='bbox 862 1683 945 1747; x_wconf 89' lang='lat' dir='ltr'><strong>euim</strong></span> <span class='ocrx_word' id='word_1_88' title='bbox 978 1680 1175 1758; x_wconf 87' lang='lat' dir='ltr'><strong>laborabunt,</strong></span> <span class='ocrx_word' id='word_1_89' title='bbox 1209 1680 1247 1745; x_wconf 91' lang='lat' dir='ltr'><strong>ut</strong></span> <span class='ocrx_word' id='word_1_90' title='bbox 1276 1678 1356 1762; x_wconf 88' lang='lat' dir='ltr'><strong>quod</strong></span> <span class='ocrx_word' id='word_1_91' title='bbox 1384 1677 1438 1740; x_wconf 79' lang='lat' dir='ltr'><strong>ianr</strong></span> 
     </span>
     <span class='ocr_line' id='line_1_13' title="bbox 324 1785 1098 1869; baseline 0 -20"><span class='ocrx_word' id='word_1_92' title='bbox 324 1786 478 1867; x_wconf 87' lang='lat' dir='ltr'><strong>operando</strong></span> <span class='ocrx_word' id='word_1_93' title='bbox 495 1785 670 1850; x_wconf 88' lang='lat' dir='ltr'><strong>didicerunt</strong></span> <span class='ocrx_word' id='word_1_94' title='bbox 690 1786 879 1869; x_wconf 80' lang='lat' dir='ltr'><strong>intellegant</strong></span> <span class='ocrx_word' id='word_1_95' title='bbox 899 1787 1098 1868; x_wconf 84' lang='lat' dir='ltr'><strong>disputando.</strong></span> 
     </span>
    </p>

    <p class='ocr_par' dir='ltr' id='par_1_4' title="bbox 325 1874 1436 2077">
     <span class='ocr_line' id='line_1_14' title="bbox 366 1874 1435 1972; baseline -0.002 -21"><span class='ocrx_word' id='word_1_96' title='bbox 366 1887 493 1952; x_wconf 88' lang='lat' dir='ltr'>XXXV.</span> <span class='ocrx_word' id='word_1_97' title='bbox 522 1874 721 1955; x_wconf 78' lang='lat' dir='ltr'><strong>onnuxuve:</strong></span> <span class='ocrx_word' id='word_1_98' title='bbox 751 1888 1015 1957; x_wconf 76' lang='lat' dir='ltr'><strong>obscurissimam</strong></span> <span class='ocrx_word' id='word_1_99' title='bbox 1044 1888 1259 1972; x_wconf 87' lang='lat' dir='ltr'><strong>quaestionem</strong></span> <span class='ocrx_word' id='word_1_100' title='bbox 1287 1885 1435 1953; x_wconf 80' lang='lat' dir='ltr'><strong>simultis</strong></span> 
     </span>
     <span class='ocr_line' id='line_1_15' title="bbox 325 1988 1436 2077; baseline -0.005 -22"><span class='ocrx_word' id='word_1_101' title='bbox 325 1990 420 2055; x_wconf 82' lang='lat' dir='ltr'><strong>etiam</strong></span> <span class='ocrx_word' id='word_1_102' title='bbox 442 1994 480 2055; x_wconf 91' lang='lat' dir='ltr'><strong>ut</strong></span> <span class='ocrx_word' id='word_1_103' title='bbox 501 1994 647 2073; x_wconf 84' lang='lat' dir='ltr'><strong>putamus</strong></span> <span class='ocrx_word' id='word_1_104' title='bbox 676 1993 871 2077; x_wconf 84' lang='lat' dir='ltr'><strong>incognitam</strong></span> <span class='ocrx_word' id='word_1_105' title='bbox 895 1992 1091 2076; x_wconf 87' lang='lat' dir='ltr'><strong>apertissime</strong></span> <span class='ocrx_word' id='word_1_106' title='bbox 1113 1992 1273 2057; x_wconf 84' lang='lat' dir='ltr'><strong>reuelasti.</strong></span> <span class='ocrx_word' id='word_1_107' title='bbox 1310 1991 1387 2054; x_wconf 91' lang='lat' dir='ltr'><strong>unde</strong></span> <span class='ocrx_word' id='word_1_108' title='bbox 1404 1988 1436 2050; x_wconf 89' lang='lat' dir='ltr'><strong>ut</strong></span> 
     </span>
    </p>

    <p class='ocr_par' dir='ltr' id='par_1_5' title="bbox 277 2092 1517 2799">
     <span class='ocr_line' id='line_1_16' title="bbox 277 2092 1461 2189; baseline -0.003 -31"><span class='ocrx_word' id='word_1_109' title='bbox 277 2180 280 2189; x_wconf 88' lang='lat'>.</span> <span class='ocrx_word' id='word_1_110' title='bbox 324 2092 383 2159; x_wconf 89' lang='lat' dir='ltr'><strong>hoc</strong></span> <span class='ocrx_word' id='word_1_111' title='bbox 405 2110 524 2177; x_wconf 87' lang='lat' dir='ltr'><strong>quoque</strong></span> <span class='ocrx_word' id='word_1_112' title='bbox 546 2095 698 2176; x_wconf 88' lang='lat' dir='ltr'><strong>profectui</strong></span> <span class='ocrx_word' id='word_1_113' title='bbox 720 2101 828 2163; x_wconf 89' lang='lat' dir='ltr'><strong>nostro</strong></span> <span class='ocrx_word' id='word_1_114' title='bbox 850 2096 970 2162; x_wconf 85' lang='lat' dir='ltr'><strong>adicias</strong></span> <span class='ocrx_word' id='word_1_115' title='bbox 992 2098 1204 2179; x_wconf 79' lang='lat' dir='ltr'><strong>deprecemur,</strong></span> <span class='ocrx_word' id='word_1_116' title='bbox 1230 2096 1269 2159; x_wconf 89' lang='lat' dir='ltr'><strong>ut</strong></span> <span class='ocrx_word' id='word_1_117' title='bbox 1282 2113 1336 2159; x_wconf 92' lang='lat' dir='ltr'><strong>cur</strong></span> <span class='ocrx_word' id='word_1_118' title='bbox 1350 2093 1461 2157; x_wconf 82' lang='lat' dir='ltr'><strong>inter-a</strong></span> 
     </span>
     <span class='ocr_line' id='line_1_17' title="bbox 324 2197 1434 2282; baseline -0.005 -20"><span class='ocrx_word' id='word_1_119' title='bbox 324 2198 398 2263; x_wconf 89' lang='lat' dir='ltr'><strong>dum</strong></span> <span class='ocrx_word' id='word_1_120' title='bbox 427 2198 521 2263; x_wconf 86' lang='lat' dir='ltr'><strong>etiam</strong></span> <span class='ocrx_word' id='word_1_121' title='bbox 551 2200 733 2282; x_wconf 85' lang='lat' dir='ltr'><strong>propensius</strong></span> <span class='ocrx_word' id='word_1_122' title='bbox 760 2201 975 2267; x_wconf 88' lang='lat' dir='ltr'><strong>ieiunantibus</strong></span> <span class='ocrx_word' id='word_1_123' title='bbox 1003 2200 1094 2264; x_wconf 89' lang='lat' dir='ltr'><strong>nobis</strong></span> <span class='ocrx_word' id='word_1_124' title='bbox 1120 2204 1153 2264; x_wconf 92' lang='lat' dir='ltr'><strong>et</strong></span> <span class='ocrx_word' id='word_1_125' title='bbox 1174 2197 1334 2264; x_wconf 72' lang='lat' dir='ltr'><strong>exhaustis</strong></span> <span class='ocrx_word' id='word_1_126' title='bbox 1354 2198 1434 2276; x_wconf 66' lang='lat' dir='ltr'><strong>auae</strong></span> 
     </span>
     <span class='ocr_line' id='line_1_18' title="bbox 324 2300 1435 2388; baseline -0.005 -21"><span class='ocrx_word' id='word_1_127' title='bbox 324 2300 452 2387; x_wconf 83' lang='lat' dir='ltr'><strong>defectis</strong></span> <span class='ocrx_word' id='word_1_128' title='bbox 480 2302 727 2369; x_wconf 86' lang='lat' dir='ltr'><strong>uehementiores</strong></span> <span class='ocrx_word' id='word_1_129' title='bbox 755 2322 878 2388; x_wconf 82' lang='lat' dir='ltr'><strong>pugnae</strong></span> <span class='ocrx_word' id='word_1_130' title='bbox 906 2302 1041 2387; x_wconf 90' lang='lat' dir='ltr'><strong>corporis</strong></span> <span class='ocrx_word' id='word_1_131' title='bbox 1069 2303 1254 2380; x_wconf 74' lang='lat' dir='ltr'><strong>excitentur,</strong></span> <span class='ocrx_word' id='word_1_132' title='bbox 1282 2301 1435 2383; x_wconf 73' lang='lat' dir='ltr'><strong>diligenter</strong></span> 
     </span>
     <span class='ocr_line' id='line_1_19' title="bbox 324 2405 1517 2491; baseline -0.003 -23"><span class='ocrx_word' id='word_1_133' title='bbox 324 2405 484 2471; x_wconf 85' lang='lat' dir='ltr'><strong>edisseras.</strong></span> <span class='ocrx_word' id='word_1_134' title='bbox 522 2424 595 2471; x_wconf 87' lang='lat' dir='ltr'><strong>nam</strong></span> <span class='ocrx_word' id='word_1_135' title='bbox 623 2406 806 2490; x_wconf 88' lang='lat' dir='ltr'><strong>plerumque</strong></span> <span class='ocrx_word' id='word_1_136' title='bbox 835 2409 933 2473; x_wconf 87' lang='lat' dir='ltr'><strong>etium</strong></span> <span class='ocrx_word' id='word_1_137' title='bbox 962 2407 1215 2491; x_wconf 80' lang='lat' dir='ltr'><strong>expergefactis</strong></span> <span class='ocrx_word' id='word_1_138' title='bbox 1244 2420 1352 2471; x_wconf 85' lang='lat' dir='ltr'><strong>somno</strong></span> <span class='ocrx_word' id='word_1_139' title='bbox 1373 2418 1433 2466; x_wconf 91' lang='lat' dir='ltr'><strong>cun</strong></span> <span class='ocrx_word' id='word_1_140' title='bbox 1516 2479 1517 2482; x_wconf 8' lang='grc' dir='ltr'><strong>Ἴ</strong></span> 
     </span>
     <span class='ocr_line' id='line_1_20' title="bbox 323 2504 1435 2592; baseline -0.004 -21"><span class='ocrx_word' id='word_1_141' title='bbox 323 2506 616 2590; x_wconf 86' lang='lat' dir='ltr'><strong>deprehenderimus</strong></span> <span class='ocrx_word' id='word_1_142' title='bbox 638 2528 693 2576; x_wconf 89' lang='lat' dir='ltr'><strong>nos</strong></span> <span class='ocrx_word' id='word_1_143' title='bbox 716 2511 833 2577; x_wconf 87' lang='lat' dir='ltr'><strong>sordidi</strong></span> <span class='ocrx_word' id='word_1_144' title='bbox 854 2510 984 2592; x_wconf 88' lang='lat' dir='ltr'><strong>liquoris</strong></span> <span class='ocrx_word' id='word_1_145' title='bbox 1005 2508 1188 2590; x_wconf 78' lang='lat' dir='ltr'><strong>contagium</strong></span> <span class='ocrx_word' id='word_1_146' title='bbox 1203 2508 1376 2590; x_wconf 87' lang='lat' dir='ltr'><strong>pertulisse,</strong></span> <span class='ocrx_word' id='word_1_147' title='bbox 1395 2504 1435 2567; x_wconf 85' lang='lat' dir='ltr'><strong>ita</strong></span> 
     </span>
     <span class='ocr_line' id='line_1_21' title="bbox 324 2606 1517 2696; baseline -0.003 -22"><span class='ocrx_word' id='word_1_148' title='bbox 324 2611 475 2676; x_wconf 88' lang='lat' dir='ltr'><strong>dsioimur</strong></span> <span class='ocrx_word' id='word_1_149' title='bbox 498 2612 698 2695; x_wconf 88' lang='lat' dir='ltr'><strong>conscientia,</strong></span> <span class='ocrx_word' id='word_1_150' title='bbox 725 2616 761 2678; x_wconf 90' lang='lat' dir='ltr'><strong>ut</strong></span> <span class='ocrx_word' id='word_1_151' title='bbox 784 2631 822 2678; x_wconf 89' lang='lat' dir='ltr'><strong>ne</strong></span> <span class='ocrx_word' id='word_1_152' title='bbox 844 2614 883 2678; x_wconf 86' lang='lat' dir='ltr'><strong>ad</strong></span> <span class='ocrx_word' id='word_1_153' title='bbox 898 2615 1001 2695; x_wconf 88' lang='lat' dir='ltr'><strong>ipsam</strong></span> <span class='ocrx_word' id='word_1_154' title='bbox 1016 2612 1141 2696; x_wconf 91' lang='lat' dir='ltr'><strong>quidem</strong></span> <span class='ocrx_word' id='word_1_155' title='bbox 1156 2628 1339 2693; x_wconf 80' lang='lat' dir='ltr'><strong>consurgere</strong></span> <span class='ocrx_word' id='word_1_156' title='bbox 1351 2606 1460 2674; x_wconf 75' lang='lat' dir='ltr'><strong>orati-s</strong></span> <span class='ocrx_word' id='word_1_157' title='bbox 1516 2649 1517 2658; x_wconf 26' lang='grc' dir='ltr'>ι</span> 
     </span>
     <span class='ocr_line' id='line_1_22' title="bbox 322 2714 821 2799; baseline 0.014 -22"><span class='ocrx_word' id='word_1_158' title='bbox 322 2731 411 2777; x_wconf 89' lang='lat' dir='ltr'><strong>onem</strong></span> <span class='ocrx_word' id='word_1_159' title='bbox 434 2714 621 2799; x_wconf 73' lang='lat' dir='ltr'><strong>fiducialiter</strong></span> <span class='ocrx_word' id='word_1_160' title='bbox 643 2717 821 2784; x_wconf 86' lang='lat' dir='ltr'><strong>audeamus.</strong></span> 
     </span>
    </p>

    <p class='ocr_par' dir='ltr' id='par_1_6' title="bbox 320 2816 1458 3523">
     <span class='ocr_line' id='line_1_23' title="bbox 364 2816 1432 2902; baseline 0.002 -22"><span class='ocrx_word' id='word_1_161' title='bbox 364 2816 509 2883; x_wconf 84' lang='lat' dir='ltr'>XXXVI.</span> <span class='ocrx_word' id='word_1_162' title='bbox 534 2836 706 2885; x_wconf 74' lang='lat' dir='ltr'><strong>canonas:</strong></span> <span class='ocrx_word' id='word_1_163' title='bbox 731 2820 876 2887; x_wconf 85' lang='lat' dir='ltr'><strong>Studium</strong></span> <span class='ocrx_word' id='word_1_164' title='bbox 898 2819 1024 2902; x_wconf 88' lang='lat' dir='ltr'><strong>quidem</strong></span> <span class='ocrx_word' id='word_1_165' title='bbox 1045 2823 1197 2900; x_wconf 89' lang='lat' dir='ltr'><strong>uestrum,</strong></span> <span class='ocrx_word' id='word_1_166' title='bbox 1221 2836 1282 2901; x_wconf 92' lang='lat' dir='ltr'><strong>quo</strong></span> <span class='ocrx_word' id='word_1_167' title='bbox 1304 2816 1432 2900; x_wconf 79' lang='lat' dir='ltr'><strong>periect-</strong></span> 
     </span>
     <span class='ocr_line' id='line_1_24' title="bbox 322 2916 1432 3006; baseline -0.001 -21"><span class='ocrx_word' id='word_1_168' title='bbox 322 2920 389 2985; x_wconf 87' lang='lat' dir='ltr'><strong>onis</strong></span> <span class='ocrx_word' id='word_1_169' title='bbox 412 2921 499 2985; x_wconf 88' lang='lat' dir='ltr'><strong>uiam</strong></span> <span class='ocrx_word' id='word_1_170' title='bbox 522 2938 582 2986; x_wconf 90' lang='lat' dir='ltr'><strong>uon</strong></span> <span class='ocrx_word' id='word_1_171' title='bbox 606 2922 794 2998; x_wconf 87' lang='lat' dir='ltr'><strong>transitorie,</strong></span> <span class='ocrx_word' id='word_1_172' title='bbox 818 2924 872 2988; x_wconf 91' lang='lat' dir='ltr'><strong>sed</strong></span> <span class='ocrx_word' id='word_1_173' title='bbox 894 2924 987 3005; x_wconf 92' lang='lat' dir='ltr'><strong>plene</strong></span> <span class='ocrx_word' id='word_1_174' title='bbox 1005 2925 1099 3006; x_wconf 81' lang='lat' dir='ltr'><strong>atque</strong></span> <span class='ocrx_word' id='word_1_175' title='bbox 1114 2923 1250 3005; x_wconf 80' lang='lat' dir='ltr'><strong>perfecte</strong></span> <span class='ocrx_word' id='word_1_176' title='bbox 1264 2916 1432 2987; x_wconf 76' lang='lat' dir='ltr'><strong>desideretis</strong></span> 
     </span>
     <span class='ocr_line' id='line_1_25' title="bbox 322 3022 1432 3109; baseline 0 -22"><span class='ocrx_word' id='word_1_177' title='bbox 322 3022 492 3106; x_wconf 85' lang='lat' dir='ltr'><strong>adtingere,</strong></span> <span class='ocrx_word' id='word_1_178' title='bbox 520 3024 760 3109; x_wconf 80' lang='lat' dir='ltr'><strong>infatigabiliter</strong></span> <span class='ocrx_word' id='word_1_179' title='bbox 782 3044 838 3091; x_wconf 93' lang='lat' dir='ltr'><strong>nos</strong></span> <span class='ocrx_word' id='word_1_180' title='bbox 860 3026 1063 3109; x_wconf 85' lang='lat' dir='ltr'><strong>disputationi</strong></span> <span class='ocrx_word' id='word_1_181' title='bbox 1086 3026 1159 3091; x_wconf 88' lang='lat' dir='ltr'><strong>huic</strong></span> <span class='ocrx_word' id='word_1_182' title='bbox 1179 3023 1432 3108; x_wconf 80' lang='lat' dir='ltr'><strong>prouocatintre</strong></span> 
     </span>
     <span class='ocr_line' id='line_1_26' title="bbox 321 3126 1458 3196; baseline -0.002 -7"><span class='ocrx_word' id='word_1_183' title='bbox 321 3144 400 3193; x_wconf 88' lang='lat' dir='ltr'><strong>rere.</strong></span> <span class='ocrx_word' id='word_1_184' title='bbox 449 3145 506 3191; x_wconf 90' lang='lat' dir='ltr'><strong>nee</strong></span> <span class='ocrx_word' id='word_1_185' title='bbox 543 3128 626 3192; x_wconf 90' lang='lat' dir='ltr'><strong>eninr</strong></span> <span class='ocrx_word' id='word_1_186' title='bbox 665 3128 702 3194; x_wconf 93' lang='lat' dir='ltr'><strong>de</strong></span> <span class='ocrx_word' id='word_1_187' title='bbox 741 3129 892 3196; x_wconf 86' lang='lat' dir='ltr'><strong>exteriore</strong></span> <span class='ocrx_word' id='word_1_188' title='bbox 924 3129 1107 3195; x_wconf 80' lang='lat' dir='ltr'><strong>castimonia</strong></span> <span class='ocrx_word' id='word_1_189' title='bbox 1143 3130 1177 3194; x_wconf 90' lang='lat' dir='ltr'><strong>et</strong></span> <span class='ocrx_word' id='word_1_190' title='bbox 1211 3126 1458 3194; x_wconf 67' lang='lat' dir='ltr'><strong>circumcisiones</strong></span> 
     </span>
     <span class='ocr_line' id='line_1_27' title="bbox 321 3229 1431 3317; baseline -0.003 -23"><span class='ocrx_word' id='word_1_191' title='bbox 321 3229 497 3312; x_wconf 85' lang='lat' dir='ltr'><strong>manifesta,</strong></span> <span class='ocrx_word' id='word_1_192' title='bbox 520 3234 573 3297; x_wconf 92' lang='lat' dir='ltr'><strong>sed</strong></span> <span class='ocrx_word' id='word_1_193' title='bbox 596 3230 634 3295; x_wconf 93' lang='lat' dir='ltr'><strong>de</strong></span> <span class='ocrx_word' id='word_1_194' title='bbox 656 3231 713 3297; x_wconf 85' lang='lat' dir='ltr'><strong>illa</strong></span> <span class='ocrx_word' id='word_1_195' title='bbox 734 3251 814 3315; x_wconf 87' lang='lat' dir='ltr'><strong>quas</strong></span> <span class='ocrx_word' id='word_1_196' title='bbox 836 3232 870 3297; x_wconf 91' lang='lat' dir='ltr'><strong>in</strong></span> <span class='ocrx_word' id='word_1_197' title='bbox 894 3234 1015 3299; x_wconf 84' lang='lat' dir='ltr'><strong>occulto</strong></span> <span class='ocrx_word' id='word_1_198' title='bbox 1030 3237 1080 3299; x_wconf 85' lang='lat' dir='ltr'><strong>est</strong></span> <span class='ocrx_word' id='word_1_199' title='bbox 1094 3232 1265 3317; x_wconf 76' lang='lat' dir='ltr'><strong>diligenter</strong></span> <span class='ocrx_word' id='word_1_200' title='bbox 1280 3230 1431 3317; x_wconf 88' lang='lat' dir='ltr'><strong>inquiritis,</strong></span> 
     </span>
     <span class='ocr_line' id='line_1_28' title="bbox 321 3332 1432 3420; baseline -0.001 -23"><span class='ocrx_word' id='word_1_201' title='bbox 321 3332 455 3399; x_wconf 87' lang='lat' dir='ltr'><strong>scientes</strong></span> <span class='ocrx_word' id='word_1_202' title='bbox 484 3332 517 3397; x_wconf 89' lang='lat' dir='ltr'><strong>in</strong></span> <span class='ocrx_word' id='word_1_203' title='bbox 548 3332 607 3398; x_wconf 89' lang='lat' dir='ltr'><strong>hac</strong></span> <span class='ocrx_word' id='word_1_204' title='bbox 635 3333 755 3401; x_wconf 87' lang='lat' dir='ltr'><strong>nisibili</strong></span> <span class='ocrx_word' id='word_1_205' title='bbox 786 3337 887 3402; x_wconf 83' lang='lat' dir='ltr'><strong>earnis</strong></span> <span class='ocrx_word' id='word_1_206' title='bbox 910 3337 1102 3402; x_wconf 87' lang='lat' dir='ltr'><strong>continentia</strong></span> <span class='ocrx_word' id='word_1_207' title='bbox 1122 3336 1324 3420; x_wconf 78' lang='lat' dir='ltr'><strong>perfectiouis</strong></span> <span class='ocrx_word' id='word_1_208' title='bbox 1344 3332 1432 3419; x_wconf 89' lang='lat' dir='ltr'><strong>pleni·</strong></span> 
     </span>
     <span class='ocr_line' id='line_1_29' title="bbox 320 3436 1433 3523; baseline -0.002 -22"><span class='ocrx_word' id='word_1_209' title='bbox 320 3436 461 3502; x_wconf 88' lang='lat' dir='ltr'><strong>tudinem</strong></span> <span class='ocrx_word' id='word_1_210' title='bbox 485 3454 545 3502; x_wconf 91' lang='lat' dir='ltr'><strong>nou</strong></span> <span class='ocrx_word' id='word_1_211' title='bbox 568 3438 680 3517; x_wconf 88' lang='lat' dir='ltr'><strong>inesse,</strong></span> <span class='ocrx_word' id='word_1_212' title='bbox 704 3458 782 3521; x_wconf 83' lang='lat' dir='ltr'><strong>quae</strong></span> <span class='ocrx_word' id='word_1_213' title='bbox 804 3439 913 3505; x_wconf 90' lang='lat' dir='ltr'><strong>haberi</strong></span> <span class='ocrx_word' id='word_1_214' title='bbox 936 3441 987 3505; x_wconf 91' lang='lat' dir='ltr'><strong>uel</strong></span> <span class='ocrx_word' id='word_1_215' title='bbox 1009 3459 1063 3523; x_wconf 93' lang='lat' dir='ltr'><strong>per</strong></span> <span class='ocrx_word' id='word_1_216' title='bbox 1084 3441 1305 3505; x_wconf 89' lang='lat' dir='ltr'><strong>necessitatem</strong></span> <span class='ocrx_word' id='word_1_217' title='bbox 1326 3438 1374 3505; x_wconf 91' lang='lat' dir='ltr'><strong>uel</strong></span> <span class='ocrx_word' id='word_1_218' title='bbox 1386 3455 1433 3521; x_wconf 89' lang='lat' dir='ltr'><strong>per</strong></span> 
     </span>
    </p>
   </div>
   <div class='ocr_carea' id='block_1_3' title="bbox 421 3604 658 3673">
    <p class='ocr_par' dir='ltr' id='par_1_7' title="bbox 421 3604 658 3673">
     <span class='ocr_line' id='line_1_30' title="bbox 421 3604 658 3673; baseline 0.004 -14"><span class='ocrx_word' id='word_1_219' title='bbox 421 3605 437 3659; x_wconf 80' lang='lat'><strong>5</strong></span> <span class='ocrx_word' id='word_1_220' title='bbox 456 3604 486 3661; x_wconf 93' lang='lat'><strong>11</strong></span> <span class='ocrx_word' id='word_1_221' title='bbox 504 3605 563 3661; x_wconf 81' lang='lat' dir='ltr'><strong>Gor.</strong></span> <span class='ocrx_word' id='word_1_222' title='bbox 581 3608 606 3673; x_wconf 88' lang='lat'><strong>3,</strong></span> <span class='ocrx_word' id='word_1_223' title='bbox 625 3606 658 3660; x_wconf 80' lang='lat' dir='ltr'><strong>lt</strong></span> 
     </span>
    </p>
   </div>
   <div class='ocr_carea' id='block_1_4' title="bbox 319 3758 1433 4180">
    <p class='ocr_par' dir='ltr' id='par_1_8' title="bbox 319 3758 1433 4180">
     <span class='ocr_line' id='line_1_31' title="bbox 372 3758 1433 3835; baseline 0.009 -22"><span class='ocrx_word' id='word_1_224' title='bbox 372 3758 435 3819; x_wconf 68' lang='lat' dir='ltr'><strong>liu</strong></span> <span class='ocrx_word' id='word_1_225' title='bbox 453 3761 590 3817; x_wconf 76' lang='lat' dir='ltr'><strong>uocationo</strong></span> <span class='ocrx_word' id='word_1_226' title='bbox 608 3763 638 3818; x_wconf 82' lang='lat' dir='ltr'><em>F</em></span> <span class='ocrx_word' id='word_1_227' title='bbox 665 3764 693 3817; x_wconf 90' lang='lat' dir='ltr'><strong>in</strong></span> <span class='ocrx_word' id='word_1_228' title='bbox 710 3766 879 3835; x_wconf 72' lang='lat' dir='ltr'><strong>occasioned</strong></span> <span class='ocrx_word' id='word_1_229' title='bbox 975 3767 1202 3822; x_wconf 73' lang='lat' dir='ltr'><strong>dirustatiouem</strong></span> <span class='ocrx_word' id='word_1_230' title='bbox 1219 3768 1247 3823; x_wconf 88' lang='lat' dir='ltr'><strong><em>B</em></strong></span> <span class='ocrx_word' id='word_1_231' title='bbox 1348 3769 1433 3835; x_wconf 74' lang='lat' dir='ltr'><strong>depo</strong></span> 
     </span>
     <span class='ocr_line' id='line_1_32' title="bbox 320 3842 1432 3923; baseline 0.009 -28"><span class='ocrx_word' id='word_1_232' title='bbox 320 3842 407 3897; x_wconf 80' lang='lat' dir='ltr'><strong>stulus</strong></span> <span class='ocrx_word' id='word_1_233' title='bbox 428 3845 457 3899; x_wconf 88' lang='lat' dir='ltr'><em>B</em></span> <span class='ocrx_word' id='word_1_234' title='bbox 561 3848 641 3903; x_wconf 81' lang='lat' dir='ltr'><strong>thil</strong></span> <span class='ocrx_word' id='word_1_235' title='bbox 664 3848 827 3905; x_wconf 83' lang='lat' dir='ltr'><em>BFO²KZ¹</em></span> <span class='ocrx_word' id='word_1_236' title='bbox 929 3852 1119 3923; x_wconf 78' lang='lat' dir='ltr'><strong>Satqu01sd</strong></span> <span class='ocrx_word' id='word_1_237' title='bbox 1136 3856 1165 3907; x_wconf 89' lang='lat' dir='ltr'><strong>to</strong></span> <span class='ocrx_word' id='word_1_238' title='bbox 1188 3852 1227 3907; x_wconf 81' lang='lat'><strong>13¹</strong></span> <span class='ocrx_word' id='word_1_239' title='bbox 1331 3851 1432 3908; x_wconf 78' lang='lat' dir='ltr'><strong>lucidare</strong></span> 
     </span>
     <span class='ocr_line' id='line_1_33' title="bbox 320 3928 1378 4007; baseline 0.01 -25"><span class='ocrx_word' id='word_1_240' title='bbox 320 3928 358 3983; x_wconf 89' lang='lat' dir='ltr'><strong>B¹</strong></span> <span class='ocrx_word' id='word_1_241' title='bbox 377 3930 452 3997; x_wconf 82' lang='lat' dir='ltr'><strong>(fert.</strong></span> <span class='ocrx_word' id='word_1_242' title='bbox 466 3935 514 3985; x_wconf 90' lang='lat' dir='ltr'><strong>aut</strong></span> <span class='ocrx_word' id='word_1_243' title='bbox 526 3933 657 3989; x_wconf 85' lang='lat' dir='ltr'><strong>elucidare</strong></span> <span class='ocrx_word' id='word_1_244' title='bbox 672 3934 730 3999; x_wconf 79' lang='lat' dir='ltr'><strong>fait</strong></span> <span class='ocrx_word' id='word_1_245' title='bbox 741 3935 773 3989; x_wconf 74' lang='grc' dir='ltr'><strong>ιιι</strong></span> <span class='ocrx_word' id='word_1_246' title='bbox 785 3937 934 4007; x_wconf 76' lang='lat' dir='ltr'><strong>urcirctypo</strong></span> <span class='ocrx_word' id='word_1_247' title='bbox 944 3938 1048 3993; x_wconf 55' lang='lat' dir='ltr'><strong>codic&amp;</strong></span> <span class='ocrx_word' id='word_1_248' title='bbox 1059 3937 1096 4003; x_wconf 89' lang='grc' dir='ltr'><strong>Β)</strong></span> <span class='ocrx_word' id='word_1_249' title='bbox 1201 3939 1219 3993; x_wconf 86' lang='grc'>9</span> <span class='ocrx_word' id='word_1_250' title='bbox 1235 3938 1306 3993; x_wconf 88' lang='lat' dir='ltr'><strong>illud</strong></span> <span class='ocrx_word' id='word_1_251' title='bbox 1322 3937 1378 3993; x_wconf 84' lang='lat' dir='ltr'><strong>BF</strong></span> 
     </span>
     <span class='ocr_line' id='line_1_34' title="bbox 320 4014 1426 4093; baseline 0.009 -25"><span class='ocrx_word' id='word_1_252' title='bbox 320 4014 353 4068; x_wconf 93' lang='grc'><strong>10</strong></span> <span class='ocrx_word' id='word_1_253' title='bbox 370 4032 514 4084; x_wconf 74' lang='lat' dir='ltr'><strong>urceum</strong></span> <span class='ocrx_word' id='word_1_254' title='bbox 531 4018 559 4072; x_wconf 87' lang='lat' dir='ltr'><strong><em>B</em></strong></span> <span class='ocrx_word' id='word_1_255' title='bbox 659 4022 687 4075; x_wconf 94' lang='lat' dir='ltr'><strong>ll</strong></span> <span class='ocrx_word' id='word_1_256' title='bbox 708 4023 847 4077; x_wconf 87' lang='lat' dir='ltr'><strong>tenuerint</strong></span> <span class='ocrx_word' id='word_1_257' title='bbox 862 4024 903 4092; x_wconf 74' lang='lat' dir='ltr'><strong>(le</strong></span> <span class='ocrx_word' id='word_1_258' title='bbox 951 4031 958 4045; x_wconf 90' lang='grc'><em>·</em></span> <span class='ocrx_word' id='word_1_259' title='bbox 1001 4024 1034 4078; x_wconf 86' lang='grc'><strong>15</strong></span> <span class='ocrx_word' id='word_1_260' title='bbox 1051 4026 1165 4093; x_wconf 84' lang='lat' dir='ltr'><strong>quurO</strong></span> <span class='ocrx_word' id='word_1_261' title='bbox 1263 4026 1296 4080; x_wconf 86' lang='grc'><strong>16</strong></span> <span class='ocrx_word' id='word_1_262' title='bbox 1312 4024 1426 4079; x_wconf 78' lang='lat' dir='ltr'><strong>notu...</strong></span> 
     </span>
     <span class='ocr_line' id='line_1_35' title="bbox 319 4100 1429 4180; baseline 0.007 -25"><span class='ocrx_word' id='word_1_263' title='bbox 319 4101 352 4155; x_wconf 81' lang='lat' dir='ltr'><strong>ll</strong></span> <span class='ocrx_word' id='word_1_264' title='bbox 370 4100 543 4157; x_wconf 85' lang='lat' dir='ltr'><strong>deiectisom.</strong></span> <span class='ocrx_word' id='word_1_265' title='bbox 562 4104 620 4159; x_wconf 83' lang='lat' dir='ltr'><strong>BF</strong></span> <span class='ocrx_word' id='word_1_266' title='bbox 704 4107 736 4160; x_wconf 80' lang='lat' dir='ltr'><strong>lt</strong></span> <span class='ocrx_word' id='word_1_267' title='bbox 754 4108 905 4163; x_wconf 81' lang='lat' dir='ltr'><strong>excitantur</strong></span> <span class='ocrx_word' id='word_1_268' title='bbox 921 4110 950 4164; x_wconf 88' lang='lat' dir='ltr'><em>B</em></span> <span class='ocrx_word' id='word_1_269' title='bbox 1038 4111 1070 4165; x_wconf 87' lang='grc'><strong>18</strong></span> <span class='ocrx_word' id='word_1_270' title='bbox 1087 4111 1255 4180; x_wconf 70' lang='lat' dir='ltr'><strong>expergititl</strong></span> <span class='ocrx_word' id='word_1_271' title='bbox 1340 4112 1369 4166; x_wconf 84' lang='lat' dir='ltr'><strong>te</strong></span> <span class='ocrx_word' id='word_1_272' title='bbox 1384 4124 1429 4163; x_wconf 83' lang='lat' dir='ltr'><strong>sor·</strong></span> 
     </span>
    </p>
   </div>
   <div class='ocr_carea' id='block_1_5' title="bbox 317 4192 1426 4463">
    <p class='ocr_par' dir='ltr' id='par_1_9' title="bbox 317 4192 1426 4463">
     <span class='ocr_line' id='line_1_36' title="bbox 318 4192 1426 4301; baseline 0.004 -26"><span class='ocrx_word' id='word_1_273' title='bbox 318 4220 375 4276; x_wconf 89' lang='lat' dir='ltr'><strong>didi</strong></span> <span class='ocrx_word' id='word_1_274' title='bbox 399 4220 510 4291; x_wconf 86' lang='lat' dir='ltr'><strong>liquoris</strong></span> <span class='ocrx_word' id='word_1_275' title='bbox 533 4225 601 4279; x_wconf 85' lang='lat' dir='ltr'><strong>BF:</strong></span> <span class='ocrx_word' id='word_1_276' title='bbox 637 4192 924 4299; x_wconf 47' lang='lat' dir='ltr'><strong>somff&#39;liip&#39;u‘ir&#39;is&#39;o</strong></span> <span class='ocrx_word' id='word_1_277' title='bbox 958 4229 1102 4300; x_wconf 88' lang='lat' dir='ltr'><strong>corporalis</strong></span> <span class='ocrx_word' id='word_1_278' title='bbox 1127 4232 1256 4301; x_wconf 92' lang='lat' dir='ltr'><strong>(corporis</strong></span> <span class='ocrx_word' id='word_1_279' title='bbox 1273 4232 1325 4299; x_wconf 76' lang='lat' dir='ltr'><strong>K¹l</strong></span> <span class='ocrx_word' id='word_1_280' title='bbox 1347 4226 1426 4285; x_wconf 84' lang='lat' dir='ltr'><strong>ueneni</strong></span> 
     </span>
     <span class='ocr_line' id='line_1_37' title="bbox 317 4309 1370 4386; baseline 0.007 -22"><span class='ocrx_word' id='word_1_281' title='bbox 317 4309 357 4377; x_wconf 79' lang='grc' dir='ltr'><strong>βυ</strong></span> <span class='ocrx_word' id='word_1_282' title='bbox 464 4311 499 4363; x_wconf 82' lang='grc'><strong>24</strong></span> <span class='ocrx_word' id='word_1_283' title='bbox 524 4311 702 4381; x_wconf 85' lang='lat' dir='ltr'><strong>disputationi</strong></span> <span class='ocrx_word' id='word_1_284' title='bbox 729 4314 793 4369; x_wconf 88' lang='lat' dir='ltr'><strong>huic</strong></span> <span class='ocrx_word' id='word_1_285' title='bbox 818 4330 867 4370; x_wconf 88' lang='lat' dir='ltr'><strong>nos</strong></span> <span class='ocrx_word' id='word_1_286' title='bbox 894 4315 912 4386; x_wconf 83' lang='grc' dir='ltr'>β</span> <span class='ocrx_word' id='word_1_287' title='bbox 1018 4317 1053 4371; x_wconf 75' lang='lat' dir='ltr'><strong>at</strong></span> <span class='ocrx_word' id='word_1_288' title='bbox 1080 4317 1306 4373; x_wconf 86' lang='lat' dir='ltr'><strong>circumcisionem</strong></span> <span class='ocrx_word' id='word_1_289' title='bbox 1333 4316 1370 4371; x_wconf 66' lang='grc' dir='ltr'><strong>Γ</strong></span> 
     </span>
     <span class='ocr_line' id='line_1_38' title="bbox 317 4394 579 4463; baseline 0.019 -17"><span class='ocrx_word' id='word_1_290' title='bbox 317 4394 352 4447; x_wconf 79' lang='lat'><strong>28</strong></span> <span class='ocrx_word' id='word_1_291' title='bbox 369 4394 432 4463; x_wconf 89' lang='lat' dir='ltr'><strong>non]</strong></span> <span class='ocrx_word' id='word_1_292' title='bbox 451 4410 519 4463; x_wconf 86' lang='lat' dir='ltr'><strong>quae</strong></span> <span class='ocrx_word' id='word_1_293' title='bbox 536 4396 579 4451; x_wconf 88' lang='lat' dir='ltr'><strong>K¹</strong></span> 
     </span>
    </p>
   </div>
   <div class='ocr_carea' id='block_1_6' title="bbox 0 0 1550 4967">
    <p class='ocr_par' dir='ltr' id='par_1_10' title="bbox 0 0 1550 4967">
     <span class='ocr_line' id='line_1_39' title="bbox 0 0 1550 4967; baseline 0 3"><span class='ocrx_word' id='word_1_294' title='bbox 0 0 1550 4967; x_wconf 95' lang='lat' dir='ltr'><strong> </strong></span> 
     </span>
    </p>
   </div>
  </div>
 </body>
</html>
