3092 4967
327 474 390 542 696
661 511 663 520 ,
718 475 882 533 Iohannis
900 475 1059 532 Cassiani

330 665 417 732 illius
444 665 627 734 motabiles
655 667 688 734 et
715 666 754 733 ad
783 668 868 733 uiam
896 665 1008 732 seluto
1033 684 1179 750 sequaces
1202 671 1268 732 esse
1288 668 1439 752 mentitur,

329 773 375 845 ut,
405 769 479 834 dum
506 770 572 836 illio
599 770 758 838 uberiores
780 770 902 836 fructus
930 770 1054 836 animae
1075 771 1252 854 pollicetur,
1275 775 1441 856 pmooentic

329 872 417 939 lucra
446 873 661 940 fraudulenter
691 875 812 958 eripiat
849 891 921 940 nam
951 892 1023 938 curn
1054 875 1267 958 unusquisque
1294 876 1351 942 beo
1371 894 1441 942 uana
1518 934 1519 945 ,

328 995 383 1059 ape
410 995 430 1041 a
456 977 613 1044 seniorum
642 977 846 1044 coutubernio
878 980 1042 1062 separatus
1069 979 1164 1061 atquo
1197 978 1343 1045 omuibus
1374 998 1441 1063 quoe
1505 989 1512 998 ‘

329 1078 445 1144 iruetra
480 1079 610 1147 sibimet
641 1083 675 1146 in
707 1099 763 1148 suu
796 1081 885 1149 corde
922 1081 1105 1165 depinxerat
1135 1082 1234 1148 inerit
1268 1082 1469 1160 destitutus

328 1184 417 1249 uolut
444 1187 482 1250 de
511 1184 751 1268 profundissimo
781 1204 888 1271 sopore
915 1203 1104 1270 consurgens
1133 1185 1214 1251 nihil
1243 1206 1280 1252 er
1302 1187 1353 1252 bis
1372 1205 1442 1269 quoe

297 1287 538 1359 4somniauerat
581 1289 813 1373 expergefactus
856 1289 1006 1355 inueniet
1053 1290 1158 1371 iteum
1202 1308 1274 1355 oum
1312 1289 1443 1356 diabolus

329 1390 497 1458 maioribus
519 1391 604 1457 uitae
626 1391 719 1457 buine
741 1391 979 1459 necessitatibus
994 1392 1028 1457 et
1043 1390 1318 1457 inextricabilibus
1334 1391 1443 1476 laqueis

328 1495 492 1561 inretitum
520 1513 558 1560 ne
588 1497 737 1579 respirare
764 1495 889 1578 quidem
920 1494 959 1560 ad
988 1495 1066 1560 baec
1094 1512 1173 1578 quae
1203 1495 1263 1561 sibi
1288 1494 1359 1578 ipse
1379 1513 1442 1579 pro·

266 1642 269 1650 ,
327 1598 459 1665 miseret
479 1598 646 1682 aliquando
667 1599 843 1683 permittet,
867 1617 999 1683 eumque
1021 1617 1083 1665 non
1104 1600 1169 1665 iem
1192 1599 1256 1665 illis
1277 1616 1357 1682 quae
1379 1601 1469 1666 nubo

327 1701 485 1768 uitauerat
520 1702 598 1768 raris
634 1719 671 1768 ac
705 1701 900 1784 spiritalibus
943 1701 1078 1768 fratrum
1115 1701 1361 1782 mutationibus,
1395 1701 1442 1766 eod

329 1805 495 1871 cotidianis
524 1805 732 1872 saecularium
763 1805 992 1872 incursionibus
1019 1805 1194 1890 obligatum
1222 1823 1262 1869 ue
1288 1805 1330 1871 ed
1351 1804 1442 1871 medi·

328 1927 429 1974 ocrem
451 1910 577 1991 quidem
606 1909 826 1975 anachoreseos
854 1908 994 1992 quietem
1021 1927 1058 1974 ao
1078 1906 1281 1992 disciplinam
1302 1926 1443 1992 umquem

327 2011 426 2078 redire
447 2011 593 2095 patietur.

369 2132 438 2200 XX.
471 2130 535 2198 Ille
566 2151 686 2216 quoque
722 2130 914 2199 remissionis
947 2135 979 2198 et
1010 2131 1217 2199 humanitatis
1250 2131 1469 2216 intercapedoc

327 2236 518 2322 gratissima,
552 2253 632 2318 quae
664 2253 900 2320 nonnumquam
932 2252 988 2319 pro
1021 2237 1160 2302 aduentu
1187 2235 1325 2302 fratrum
1353 2235 1442 2300 intor-

326 2342 431 2408 uenire
459 2340 631 2417 consueuit,
658 2341 734 2407 licet
764 2343 898 2407 molesta
929 2339 1019 2406 uobis
1049 2357 1087 2407 ao
1117 2338 1267 2423 logicum
1292 2338 1440 2412 uideatur,

327 2449 431 2510 tamen
453 2463 547 2528 quam
570 2447 614 2510 sit
636 2443 725 2511 utilis
747 2447 780 2510 et
801 2444 938 2511 salubris
967 2445 1035 2509 taur
1064 2443 1185 2526 corpori
1210 2459 1306 2526 quarn
1327 2441 1440 2524 spiritui

297 2549 443 2627 tuostro,
470 2548 578 2632 paucis
606 2548 762 2633 patienter
790 2547 959 2614 adtendite.
997 2566 1089 2632 saepe
1120 2547 1236 2612 eccidit
1261 2565 1325 2612 nou
1350 2544 1441 2609 dimin

326 2652 456 2717 nouiciis
478 2653 510 2717 et
532 2651 671 2730 infirmis,
696 2653 750 2716 sed
774 2654 870 2718 otiam
891 2649 1170 2734 experientissimis
1185 2647 1468 2733 atqueporfsotee

326 2756 373 2833 ut,
396 2755 458 2820 nisi
479 2757 595 2822 mentis
618 2774 723 2821 eorum
753 2755 885 2821 directio
907 2759 938 2820 et
962 2772 1092 2820 censura
1117 2752 1306 2837 quibusdam
1328 2749 1441 2816 mollite

328 2858 424 2922 fuerit
446 2857 700 2924 uicissitudinem
722 2857 922 2937 laxamentis,
943 2860 999 2924 aut
1020 2858 1052 2923 in
1075 2860 1215 2941 teporem
1237 2856 1369 2938 spiritus
1392 2855 1440 2917 aut

326 2965 409 3027 certo
447 2961 481 3028 in
517 2963 723 3046 perniciosam
761 2963 898 3045 corporis
934 2961 1142 3028 ualitudinem
1179 2959 1368 3026 oculebatur.
1411 2955 1440 3018 ot

327 3065 440 3130 idcirco
465 3084 484 3131 a
498 3066 704 3149 prudentibus
719 3070 815 3150 atquo
828 3065 985 3149 perfectis,
1002 3082 1073 3130 oum
1088 3063 1301 3129 intercesserit
1315 3061 1438 3126 fratrum

327 3169 420 3233 etiem
437 3170 544 3235 crebra
558 3169 709 3249 uisitatio
730 3187 793 3234 non
807 3171 910 3235 solnm
924 3167 1088 3234 toleranda
1102 3168 1268 3250 patienter,
1284 3166 1340 3232 sod
1354 3163 1465 3228 mene

297 3275 486 3356 bgr-utantur
508 3275 556 3338 est
579 3273 807 3356 amplectenda:
826 3273 962 3355 primurn
985 3275 1065 3356 quod
1088 3272 1238 3353 prouocat
1253 3287 1311 3334 noe
1327 3265 1439 3333 auidius

375 3559 475 3613 idum
493 3559 579 3628 omli
669 3559 887 3614 3ireudolonter
904 3559 974 3614 11¹2
1057 3559 1166 3629 eripiet]
1184 3560 1294 3614 erunt
1315 3557 1380 3626 Otia

324 3648 341 3699 4
367 3662 383 3699 e
409 3661 459 3698 cm.
486 3645 517 3699 F
629 3645 806 3700 contubernio
832 3645 901 3700 BFr
936 3648 1009 3700 cont.
1037 3644 1151 3700 salutari
1179 3644 1202 3700 0
1236 3643 1354 3698 seluhri
1375 3638 1440 3695 cont

326 3732 363 3800 βυ
465 3731 552 3799 adque
574 3731 613 3786 B¹
717 3733 734 3786 5
757 3731 895 3786 distitutis
918 3731 960 3785 K*
989 3731 1134 3785 distitutue
1156 3729 1184 3783 Z
1286 3729 1302 3782 'i
1329 3724 1441 3782 innam

329 3818 353 3871 0
453 3817 577 3872 diabulus
596 3817 633 3871 ΒΙ
739 3818 772 3873 10
790 3819 932 3886 permittet
948 3818 1062 3886 ecetpao':
1093 3817 1239 3885 permittat
1256 3816 1285 3869 B
1314 3811 1442 3885 promittit

327 3901 367 3955 K¹
397 3903 531 3971 permittit
553 3904 613 3958 rell.
637 3919 653 3958 c
755 3904 821 3974 iem]
838 3907 897 3958 tens
914 3905 943 3957 in
962 3903 1020 3958 BF
1122 3904 1155 3957 12
1177 3901 1281 3971 quotid.
1304 3902 1327 3957 O
1354 3896 1441 3955 cottid·

324 3988 342 4057 β
426 3988 617 4044 incursibusO
700 3988 788 4046 uecO
880 3989 1083 4045 leXcueK
1166 3988 1301 4058 et1atquo
1317 3987 1380 4057 Otia

324 4075 489 4144 intercepido
516 4075 585 4130 K¹Z
691 4077 724 4131 16
749 4077 912 4146 manissime
936 4077 996 4132 BF
1093 4075 1222 4145 aduentu]
1249 4075 1393 4129 aduentum
1420 4068 1441 4124 0

324 4161 421 4215 aroer
439 4159 497 4215 ur*
591 4163 621 4216 rr
639 4163 759 4232 ragonea
776 4163 805 4217 n
903 4163 937 4219 re
953 4167 981 4217 ee
998 4163 1039 4217 ru
1068 4167 1101 4217 ur
1117 4162 1146 4216 n
1171 4162 1225 4216 uae
1246 4162 1270 4217 o
1294 4150 1381 4230 'eope

326 4248 358 4300 19
380 4247 468 4300 uestro
491 4246 534 4303 Oa
636 4249 728 4317 paneis
745 4249 777 4303 F
875 4250 910 4304 20
930 4250 1041 4303 nouitiie
1059 4248 1139 4305 BOZ
1238 4247 1326 4316 adque
1340 4246 1378 4300 B*

325 4333 358 4385 21
377 4333 414 4403 et]
432 4336 513 4402 atque
531 4335 597 4403 Ode
683 4351 809 4390 mensure
826 4336 850 4391 0
934 4337 968 4390 22
985 4339 1017 4390 ut
1034 4338 1061 4390 in
1079 4335 1110 4390 F
1186 4334 1221 4389 23
1237 4335 1336 4404 pernit
1353 4333 1379 4388 Β

326 4416 442 4473 ualetud.
461 4419 491 4473 F
592 4421 626 4476 24
642 4421 729 4490 adque
744 4423 785 4478 13¹
886 4424 921 4477 26
938 4421 1122 4492 amplectende
1139 4421 1209 4476 K¹Z
