3092 4967
468 465 629 520 Conlatio
650 465 724 531 XVI,
742 465 854 522 li—l'l.
1151 467 1214 533 Μ

146 655 225 721 XVI.
246 655 286 720 In
307 657 435 720 tantnnn
457 656 556 739 igitur
578 673 640 721 non
655 654 727 719 nult
740 673 797 720 noe
814 655 957 720 dominns
972 657 1079 721 noster
1093 654 1224 722 alterius

26 786 27 789 ¹
111 760 257 841 demoetni
279 757 394 826 babere
415 758 592 835 tristitiem,
618 759 705 824 utel
727 757 847 842 aliquid
869 761 1033 824 aduersum
1058 775 1113 822 noe
1129 759 1225 825 frater

109 862 250 938 babuerit,
272 879 338 926 neo
366 880 498 927 munera
526 863 636 926 nostre
662 861 825 944 suseipiat‚
856 862 889 927 id
919 865 968 927 eat
990 879 1047 928 neo
1069 863 1223 928 orationes

109 964 162 1028 sibi
183 983 202 1028 a
221 964 312 1028 nobis
331 965 499 1046 permittat
520 964 633 1041 offerri,
663 965 759 1030 donw
781 963 819 1028 de
842 963 947 1030 auimo
970 966 1035 1028 eins
1058 965 1221 1030 tristitiam

26 1054 27 1083 ³
90 1068 178 1132 sinete
198 1068 355 1134 inimtsne
378 1071 559 1149 eonoeptam
580 1068 674 1132 eeleri
696 1068 911 1134 satisfactione
926 1068 1085 1135 tollamne.
1123 1087 1222 1150 neque

108 1172 180 1236 eninr
206 1172 253 1236 sit
273 1164 313 1235 ‘ei
334 1170 431 1235 babet
452 1187 561 1236 nerem
583 1171 754 1252 querellam
777 1173 944 1236 aduersum
966 1172 998 1235 te
1020 1169 1117 1236 irata
1139 1173 1221 1250 tuns,

105 1275 234 1355 rebnqne
254 1291 369 1340 munus
386 1276 483 1338 tuum
504 1275 545 1338 ad
567 1273 667 1338 altare
688 1276 721 1338 et
741 1273 831 1352 uude,
853 1273 942 1356 prius
957 1273 1156 1343 reconciliare
1172 1267 1220 1352 οῗ,

105 1377 152 1441 esd
180 1378 214 1441 ei
245 1376 479 1441 reeordatus
513 1374 658 1454 fueris,
692 1376 806 1458 inquit,
840 1377 930 1458 qnia
964 1375 1094 1442 freter
1127 1380 1222 1442 tune

104 1479 211 1544 babet
232 1478 393 1560 aliquid
416 1478 624 1544 aduersum
646 1481 699 1557 te,
721 1479 754 1544 id
778 1478 826 1542 est
848 1477 945 1545 etiam
967 1479 996 1544 ei
1017 1478 1087 1544 lene
1101 1481 1221 1563 aliquid

77 1603 135 1648 noe
155 1584 219 1650 nile
245 1585 289 1649 sit
317 1601 378 1665 qno
405 1583 511 1648 fratris
537 1583 573 1648 in
592 1584 625 1648 te
647 1582 744 1648 luerit
764 1585 904 1650 eroiteta
923 1585 1088 1662 oennrotio,
1110 1587 1142 1648 et
1165 1585 1223 1650 bue

103 1686 275 1754 maerim
305 1689 394 1754 tuam
422 1684 530 1752 subita
556 1686 768 1752 recordatione
795 1685 980 1768 pulsauerit,
1008 1687 1088 1752 sous
1111 1687 1221 1752 offerre

102 1795 130 1854 te
153 1809 279 1874 pronum
305 1793 435 1856 mum
459 1789 618 1872 spiritalia
645 1808 777 1856 munera
798 1808 860 1856 nnn
888 1789 1011 1868 debere,
1046 1789 1107 1856 nisi
1134 1790 1220 1872 prins

101 1893 234 1976 quelibet
262 1909 299 1960 ex
326 1909 419 1959 seusa
449 1894 551 1961 ortsrn
578 1892 747 1960 tristitiem
776 1893 814 1960 de
845 1895 936 1960 eorde
956 1892 1066 1958 iratus
1088 1895 1221 1976 benigna

101 1994 304 2062 eabeisobnne
327 1995 492 2076 depuleris.
530 1995 558 2060 si
580 1996 678 2078 igitur
700 1995 900 2078 euengelious
922 2014 1025 2062 sermo
1049 1997 1144 2064 etiam
1166 1990 1253 2079 pro2

72 2100 259 2180 eumuna
285 2101 320 2164 et
348 2098 480 2164 minima
505 2099 671 2165 simultate
700 2115 738 2164 ae
767 2099 806 2164 de
834 2098 956 2182 exiguis
983 2099 1091 2164 obedo
1117 2101 1217 2166 nnsis

98 2202 278 2268 edesseno·
299 2217 355 2268 nos
376 2201 590 2268 irascentibus
618 2201 715 2283 iubet,
742 2203 817 2283 qnid
840 2203 879 2266 de
901 2201 991 2268 nobis
1010 2203 1133 2270 miseris
1155 2203 1218 2282 fiet,

98 2305 146 2388 qni
168 2308 310 2372 monotes
339 2307 371 2372 et
400 2306 551 2371 maximas
578 2322 690 2374 eaueae
718 2305 885 2386 nostroque
914 2323 1018 2371 errore
1045 2309 1218 2372 eonmbrae

96 2407 241 2489 restim
256 2407 506 2476 dissimulatione
520 2408 747 2477 nentsnnlmns
761 2409 794 2474 et
807 2407 908 2476 inflati
919 2407 1220 2487 enmoreniabolioo,

96 2512 166 2576 dum
192 2509 355 2580 humdbri
382 2511 603 2588 nubemus,
632 2516 772 2578 suctores
803 2528 858 2576 nos
889 2512 1043 2578 fraternum
1065 2512 1220 2578 tristitiae

67 2615 289 2698 ndenegamm,
312 2631 351 2681 ae
371 2615 483 2682 rebelli
505 2614 620 2696 spiritu
640 2615 742 2682 subiet
771 2615 944 2698 praeceptis
978 2615 1095 2681 domini
1130 2614 1215 2682 dedi·

93 2719 220 2798 grantes
242 2736 439 2802 nequaquem
461 2737 499 2785 ea
522 2720 572 2785 nel
594 2721 754 2788 obseruari
783 2721 894 2786 debere
918 2718 970 2784 nel
991 2718 1105 2800 inpleri
1127 2736 1221 2800 posse

94 2822 328 2892 eontendimue?
359 2839 456 2904 eoque
483 2821 530 2902 fit
563 2825 600 2890 nt
626 2823 799 2890 indieautee
834 2841 907 2890 enm
938 2822 1135 2904 inpossibilia
1165 2825 1213 2888 nel

91 2925 259 3008 inwngnu
290 2923 484 3008 praecepisse
516 2924 691 2993 efficiemur
727 2926 897 2999 seeundum
930 2926 1107 3008 apostolum
1140 2945 1217 2992 nnn

91 3025 368 3106 faetoree‚.eed
390 3028 541 3093 indices
561 3028 677 3110 legis.

61 3169 83 3210 n
129 3147 233 3213 XVII.
261 3148 347 3214 Illud
374 3167 497 3232 quoqne
525 3151 637 3231 quibus
664 3149 804 3214 lanimis
833 3152 880 3216 est
913 3147 1102 3226 dedendum,
1133 3153 1216 3230 quod

88 3252 230 3316 nonnulli
251 3251 398 3327 nomn,
421 3269 494 3318 enm
509 3252 634 3318 ,fuerim
656 3253 847 3318 contumelia
868 3249 1038 3316 ednslimt
1060 3249 1216 3316 sermonis

87 3356 214 3433 senensi,
238 3354 267 3420 si
291 3355 421 3420 alterins
437 3355 611 3438 euinspiam
634 3355 689 3438 qni
704 3373 772 3420 eam
788 3355 884 3419 lenire
901 3353 1056 3419 desiderat
1070 3353 1213 3435 precibus

87 3457 271 3541 fatigentur,
294 3475 366 3522 eum
389 3453 546 3523 audierint
569 3475 767 3540 nequaqnam
789 3455 902 3523 debere
919 3457 1068 3522 aduersus
1083 3455 1213 3520 fratrem

87 3560 205 3646 eoneipi
234 3560 402 3634 retineriue
429 3560 596 3628 tristitiam
629 3562 799 3628 denudum
832 3559 911 3626 illud
945 3561 1027 3641 qnod
1059 3557 1212 3642 seriptum

165 3771 223 3833 :23
241 3770 297 3832 lo.
313 3771 341 3835 4⁴0
359 3771 389 3825 11

132 3969 302 4022 teduerens
326 3969 352 4020 'P
449 3968 531 4022 tete
554 3983 603 4023 om.
630 3968 659 4019 Π
757 3967 920 4037 quaerellem
942 3968 971 4020 Σ
1073 3970 1211 4038 querelam

80 4053 210 4114 adorem
228 4055 254 4106 Τ
344 4052 475 4123 enquid
492 4053 564 4122 qnod
581 4053 636 4108 ΤΟ
733 4053 765 4106 13
782 4053 890 4110 bertam
908 4055 937 4105 Σ
1031 4053 1063 4108 16
1081 4055 1137 4123 nos]
1157 4071 1209 4110 non

79 4139 109 4190 Σ
198 4139 231 4194 18
242 4139 497 4206 eonternpnimnsll
582 4138 715 4193 disbnlieo
731 4139 772 4190 Πι
859 4139 892 4192 19
909 4139 1083 4194 erubiseirnns
1100 4142 1141 4192 Πι

78 4227 115 4281 20
132 4223 309 4293 denegamus]
325 4223 498 4292 designemus
515 4239 549 4278 ex
566 4224 742 4294 dedignemur
760 4225 791 4275 Π
873 4223 985 4279 rebelles
1003 4225 1029 4277 Τ
1111 4227 1143 4280 21
1162 4225 1211 4280 ob·

78 4325 187 4367 seruate
214 4311 269 4366 ΨΟ
370 4309 481 4378 implere
506 4312 533 4364 Ψ
638 4311 673 4366 26
696 4309 858 4369 meruius
882 4311 914 4362 Π
1009 4311 1047 4366 de
1073 4313 1209 4381 mutinae

78 4400 207 4451 tenerene
222 4397 251 4447 Τ
274 4394 424 4450 retinetene
441 4393 480 4446 Πι

1049 4500 1104 4554 291
