<?xml version="1.0" encoding="UTF-8"?>
<!DOCTYPE html PUBLIC "-//W3C//DTD XHTML 1.0 Transitional//EN"
    "http://www.w3.org/TR/xhtml1/DTD/xhtml1-transitional.dtd">
<html xmlns="http://www.w3.org/1999/xhtml" xml:lang="en" lang="en">
 <head>
  <title>
</title>
<meta http-equiv="Content-Type" content="text/html;charset=utf-8" />
  <meta name='ocr-system' content='tesseract 3.04.00' />
  <meta name='ocr-capabilities' content='ocr_page ocr_carea ocr_par ocr_line ocrx_word'/>
</head>
<body>
  <div class='ocr_page' id='page_1' title='image "./iohanniscassian00petsgoog_0296.png"; bbox 0 0 3092 4967; ppageno 0'>
   <div class='ocr_carea' id='block_1_1' title="bbox 301 440 1039 510">
    <p class='ocr_par' dir='ltr' id='par_1_1' title="bbox 301 440 1039 510">
     <span class='ocr_line' id='line_1_1' title="bbox 301 440 1039 510; baseline -0.019 0"><span class='ocrx_word' id='word_1_1' title='bbox 301 440 364 510; x_wconf 80' lang='grc'>286</span> <span class='ocrx_word' id='word_1_2' title='bbox 694 440 861 497; x_wconf 75' lang='lat' dir='ltr'><strong>Iohannis</strong></span> <span class='ocrx_word' id='word_1_3' title='bbox 879 441 1039 499; x_wconf 80' lang='lat' dir='ltr'>Cassiani</span> 
     </span>
    </p>
   </div>
   <div class='ocr_carea' id='block_1_2' title="bbox 331 628 1441 1440">
    <p class='ocr_par' dir='ltr' id='par_1_2' title="bbox 331 628 1441 1440">
     <span class='ocr_line' id='line_1_2' title="bbox 402 628 1105 716; baseline 0.006 -23"><span class='ocrx_word' id='word_1_4' title='bbox 402 628 441 694; x_wconf 88' lang='lat' dir='ltr'>X.</span> <span class='ocrx_word' id='word_1_5' title='bbox 464 630 511 694; x_wconf 91' lang='lat' dir='ltr'>De</span> <span class='ocrx_word' id='word_1_6' title='bbox 532 630 730 697; x_wconf 85' lang='lat' dir='ltr'>institntIone</span> <span class='ocrx_word' id='word_1_7' title='bbox 757 631 908 696; x_wconf 86' lang='lat' dir='ltr'>orationis</span> <span class='ocrx_word' id='word_1_8' title='bbox 930 632 1105 716; x_wconf 79' lang='lat' dir='ltr'>perpetuae.</span> 
     </span>
     <span class='ocr_line' id='line_1_3' title="bbox 385 732 1413 819; baseline 0.006 -19"><span class='ocrx_word' id='word_1_9' title='bbox 385 732 442 800; x_wconf 90' lang='lat' dir='ltr'>XI.</span> <span class='ocrx_word' id='word_1_10' title='bbox 466 733 512 799; x_wconf 91' lang='lat' dir='ltr'>De</span> <span class='ocrx_word' id='word_1_11' title='bbox 533 733 722 818; x_wconf 76' lang='lat' dir='ltr'>perfectione</span> <span class='ocrx_word' id='word_1_12' title='bbox 744 734 902 814; x_wconf 87' lang='lat' dir='ltr'>orationis,</span> <span class='ocrx_word' id='word_1_13' title='bbox 918 735 957 800; x_wconf 87' lang='lat' dir='ltr'>ad</span> <span class='ocrx_word' id='word_1_14' title='bbox 973 754 1066 819; x_wconf 90' lang='lat' dir='ltr'>quam</span> <span class='ocrx_word' id='word_1_15' title='bbox 1081 737 1244 819; x_wconf 88' lang='lat' dir='ltr'>praedicta</span> <span class='ocrx_word' id='word_1_16' title='bbox 1259 738 1413 806; x_wconf 71' lang='lat' dir='ltr'>traditione</span> 
     </span>
     <span class='ocr_line' id='line_1_4' title="bbox 467 839 691 903; baseline -0.009 0"><span class='ocrx_word' id='word_1_17' title='bbox 467 839 691 903; x_wconf 75' lang='lat' dir='ltr'>conscenditur.</span> 
     </span>
     <span class='ocr_line' id='line_1_5' title="bbox 366 941 1413 1027; baseline 0.003 -19"><span class='ocrx_word' id='word_1_18' title='bbox 366 941 442 1008; x_wconf 82' lang='lat' dir='ltr'>XII·</span> <span class='ocrx_word' id='word_1_19' title='bbox 463 941 678 1024; x_wconf 88' lang='lat' dir='ltr'>interrogatio,</span> <span class='ocrx_word' id='word_1_20' title='bbox 723 941 985 1025; x_wconf 86' lang='lat' dir='ltr'>quemadmodum</span> <span class='ocrx_word' id='word_1_21' title='bbox 1029 942 1186 1025; x_wconf 89' lang='lat' dir='ltr'>spiritales</span> <span class='ocrx_word' id='word_1_22' title='bbox 1223 944 1413 1027; x_wconf 85' lang='lat' dir='ltr'>cogitationes</span> 
     </span>
     <span class='ocr_line' id='line_1_6' title="bbox 464 1045 1441 1121; baseline -0.001 -11"><span class='ocrx_word' id='word_1_23' title='bbox 464 1045 657 1111; x_wconf 89' lang='lat' dir='ltr'>inmobiliter</span> <span class='ocrx_word' id='word_1_24' title='bbox 679 1046 853 1121; x_wconf 81' lang='lat' dir='ltr'>teneantur,</span> <span class='ocrx_word' id='word_1_25' title='bbox 881 1048 884 1053; x_wconf 80' lang='grc'>’</span> <span class='ocrx_word' id='word_1_26' title='bbox 1431 1074 1441 1115; x_wconf 67' lang='lat' dir='ltr'>s</span> 
     </span>
     <span class='ocr_line' id='line_1_7' title="bbox 349 1148 969 1233; baseline 0 -18"><span class='ocrx_word' id='word_1_27' title='bbox 349 1148 438 1215; x_wconf 89' lang='lat' dir='ltr'>XIII.</span> <span class='ocrx_word' id='word_1_28' title='bbox 463 1150 509 1214; x_wconf 89' lang='lat' dir='ltr'>Do</span> <span class='ocrx_word' id='word_1_29' title='bbox 531 1148 711 1215; x_wconf 81' lang='lat' dir='ltr'>mobilitate</span> <span class='ocrx_word' id='word_1_30' title='bbox 732 1150 969 1233; x_wconf 87' lang='lat' dir='ltr'>cogitationum.</span> 
     </span>
     <span class='ocr_line' id='line_1_8' title="bbox 331 1252 1413 1343; baseline 0.002 -24"><span class='ocrx_word' id='word_1_31' title='bbox 331 1252 439 1340; x_wconf 81' lang='lat' dir='ltr'>XIIII.</span> <span class='ocrx_word' id='word_1_32' title='bbox 462 1252 640 1335; x_wconf 77' lang='lat' dir='ltr'>Responsio,</span> <span class='ocrx_word' id='word_1_33' title='bbox 671 1252 933 1337; x_wconf 89' lang='lat' dir='ltr'>quemadmodum</span> <span class='ocrx_word' id='word_1_34' title='bbox 955 1253 1117 1321; x_wconf 88' lang='lat' dir='ltr'>stabilitas</span> <span class='ocrx_word' id='word_1_35' title='bbox 1140 1255 1239 1321; x_wconf 90' lang='lat' dir='ltr'>cordis</span> <span class='ocrx_word' id='word_1_36' title='bbox 1263 1274 1317 1321; x_wconf 94' lang='lat' dir='ltr'>sen</span> <span class='ocrx_word' id='word_1_37' title='bbox 1340 1257 1413 1343; x_wconf 84' lang='lat' dir='ltr'>cogi·</span> 
     </span>
     <span class='ocr_line' id='line_1_9' title="bbox 457 1344 893 1440; baseline 0.002 -19"><span class='ocrx_word' id='word_1_38' title='bbox 457 1344 619 1423; x_wconf 74' lang='lat' dir='ltr'>&#39;ottonum</span> <span class='ocrx_word' id='word_1_39' title='bbox 641 1358 741 1440; x_wconf 90' lang='lat' dir='ltr'>possit</span> <span class='ocrx_word' id='word_1_40' title='bbox 762 1356 893 1440; x_wconf 89' lang='lat' dir='ltr'>adquiri.</span> 
     </span>
    </p>
   </div>
   <div class='ocr_carea' id='block_1_3' title="bbox 764 1568 967 1576">
    <p class='ocr_par' dir='ltr' id='par_1_3' title="bbox 764 1568 967 1576">
     <span class='ocr_line' id='line_1_10' title="bbox 764 1568 967 1576; baseline 0 -1"><span class='ocrx_word' id='word_1_41' title='bbox 764 1568 967 1576; x_wconf 81' lang='lat'>——-—---</span> 
     </span>
    </p>
   </div>
   <div class='ocr_carea' id='block_1_4' title="bbox 298 1802 1442 2301">
    <p class='ocr_par' dir='ltr' id='par_1_4' title="bbox 298 1802 1442 2301">
     <span class='ocr_line' id='line_1_11' title="bbox 342 1802 1416 1886; baseline 0 -19"><span class='ocrx_word' id='word_1_42' title='bbox 342 1803 368 1869; x_wconf 89' lang='lat' dir='ltr'>I.</span> <span class='ocrx_word' id='word_1_43' title='bbox 396 1802 485 1868; x_wconf 89' lang='lat' dir='ltr'>Inter</span> <span class='ocrx_word' id='word_1_44' title='bbox 515 1804 592 1869; x_wconf 87' lang='lat' dir='ltr'>haec</span> <span class='ocrx_word' id='word_1_45' title='bbox 621 1803 878 1870; x_wconf 88' lang='lat' dir='ltr'>anachoretarum</span> <span class='ocrx_word' id='word_1_46' title='bbox 905 1804 1054 1869; x_wconf 88' lang='lat' dir='ltr'>instituta</span> <span class='ocrx_word' id='word_1_47' title='bbox 1082 1802 1239 1883; x_wconf 88' lang='lat' dir='ltr'>sublimia,</span> <span class='ocrx_word' id='word_1_48' title='bbox 1269 1821 1347 1886; x_wconf 90' lang='lat' dir='ltr'>quae</span> <span class='ocrx_word' id='word_1_49' title='bbox 1371 1804 1416 1867; x_wconf 92' lang='lat' dir='ltr'>ut·</span> 
     </span>
     <span class='ocr_line' id='line_1_12' title="bbox 299 1904 1442 1991; baseline 0.001 -21"><span class='ocrx_word' id='word_1_50' title='bbox 299 1925 431 1988; x_wconf 89' lang='lat' dir='ltr'>cumque</span> <span class='ocrx_word' id='word_1_51' title='bbox 453 1906 588 1972; x_wconf 90' lang='lat' dir='ltr'>donante</span> <span class='ocrx_word' id='word_1_52' title='bbox 614 1908 670 1973; x_wconf 90' lang='lat' dir='ltr'>deo</span> <span class='ocrx_word' id='word_1_53' title='bbox 692 1908 768 1974; x_wconf 88' lang='lat' dir='ltr'>licet</span> <span class='ocrx_word' id='word_1_54' title='bbox 791 1910 926 1991; x_wconf 90' lang='lat' dir='ltr'>inperito</span> <span class='ocrx_word' id='word_1_55' title='bbox 949 1908 1071 1991; x_wconf 88' lang='lat' dir='ltr'>digesta</span> <span class='ocrx_word' id='word_1_56' title='bbox 1086 1911 1160 1973; x_wconf 89' lang='lat' dir='ltr'>sunt</span> <span class='ocrx_word' id='word_1_57' title='bbox 1175 1908 1258 1985; x_wconf 90' lang='lat' dir='ltr'>stilo,</span> <span class='ocrx_word' id='word_1_58' title='bbox 1274 1904 1414 1990; x_wconf 90' lang='lat' dir='ltr'>quiddam</span> <span class='ocrx_word' id='word_1_59' title='bbox 1423 1932 1442 1973; x_wconf 82' lang='lat' dir='ltr'>o</span> 
     </span>
     <span class='ocr_line' id='line_1_13' title="bbox 298 2008 1414 2095; baseline 0.001 -22"><span class='ocrx_word' id='word_1_60' title='bbox 298 2027 353 2074; x_wconf 93' lang='lat' dir='ltr'>nos</span> <span class='ocrx_word' id='word_1_61' title='bbox 383 2009 567 2075; x_wconf 79' lang='lat' dir='ltr'>interserere</span> <span class='ocrx_word' id='word_1_62' title='bbox 597 2012 692 2093; x_wconf 89' lang='lat' dir='ltr'>atquo</span> <span class='ocrx_word' id='word_1_63' title='bbox 721 2015 893 2087; x_wconf 74' lang='lat' dir='ltr'>contemre,</span> <span class='ocrx_word' id='word_1_64' title='bbox 925 2013 1006 2095; x_wconf 94' lang='lat' dir='ltr'>quod</span> <span class='ocrx_word' id='word_1_65' title='bbox 1037 2013 1123 2077; x_wconf 91' lang='lat' dir='ltr'>uelut</span> <span class='ocrx_word' id='word_1_66' title='bbox 1148 2011 1279 2094; x_wconf 88' lang='lat' dir='ltr'>pulchro</span> <span class='ocrx_word' id='word_1_67' title='bbox 1302 2008 1414 2093; x_wconf 90' lang='lat' dir='ltr'>corpori</span> 
     </span>
     <span class='ocr_line' id='line_1_14' title="bbox 298 2113 1413 2198; baseline 0 -21"><span class='ocrx_word' id='word_1_68' title='bbox 298 2131 433 2179; x_wconf 88' lang='lat' dir='ltr'>naeuum</span> <span class='ocrx_word' id='word_1_69' title='bbox 463 2114 617 2194; x_wconf 90' lang='lat' dir='ltr'>quendam</span> <span class='ocrx_word' id='word_1_70' title='bbox 648 2116 792 2181; x_wconf 88' lang='lat' dir='ltr'>uideatur</span> <span class='ocrx_word' id='word_1_71' title='bbox 821 2115 984 2197; x_wconf 85' lang='lat' dir='ltr'>adponere,</span> <span class='ocrx_word' id='word_1_72' title='bbox 1015 2116 1200 2181; x_wconf 86' lang='lat' dir='ltr'>narrationis</span> <span class='ocrx_word' id='word_1_73' title='bbox 1225 2115 1325 2198; x_wconf 87' lang='lat' dir='ltr'>ipsius</span> <span class='ocrx_word' id='word_1_74' title='bbox 1346 2113 1413 2179; x_wconf 91' lang='lat' dir='ltr'>ordo</span> 
     </span>
     <span class='ocr_line' id='line_1_15' title="bbox 298 2207 1414 2301; baseline -0.001 -19"><span class='ocrx_word' id='word_1_75' title='bbox 298 2216 462 2298; x_wconf 83' lang='lat' dir='ltr'>conpellit:</span> <span class='ocrx_word' id='word_1_76' title='bbox 492 2207 681 2300; x_wconf 85' lang='lat' dir='ltr'>quamquam</span> <span class='ocrx_word' id='word_1_77' title='bbox 713 2238 776 2284; x_wconf 92' lang='lat' dir='ltr'>nou</span> <span class='ocrx_word' id='word_1_78' title='bbox 809 2220 954 2285; x_wconf 88' lang='lat' dir='ltr'>dubitem</span> <span class='ocrx_word' id='word_1_79' title='bbox 987 2220 1084 2285; x_wconf 89' lang='lat' dir='ltr'>etiam</span> <span class='ocrx_word' id='word_1_80' title='bbox 1112 2238 1149 2283; x_wconf 86' lang='lat' dir='ltr'>ex</span> <span class='ocrx_word' id='word_1_81' title='bbox 1178 2218 1235 2285; x_wconf 91' lang='lat' dir='ltr'>hoc</span> <span class='ocrx_word' id='word_1_82' title='bbox 1264 2219 1332 2301; x_wconf 88' lang='lat' dir='ltr'>ipso</span> <span class='ocrx_word' id='word_1_83' title='bbox 1359 2235 1414 2282; x_wconf 88' lang='lat' dir='ltr'>uon</span> 
     </span>
    </p>
   </div>
   <div class='ocr_carea' id='block_1_5' title="bbox 295 2320 1443 2821">
    <p class='ocr_par' dir='ltr' id='par_1_5' title="bbox 295 2320 1443 2821">
     <span class='ocr_line' id='line_1_16' title="bbox 297 2320 1409 2408; baseline -0.002 -23"><span class='ocrx_word' id='word_1_84' title='bbox 297 2320 463 2385; x_wconf 83' lang='lat' dir='ltr'>minimam</span> <span class='ocrx_word' id='word_1_85' title='bbox 484 2324 722 2388; x_wconf 89' lang='lat' dir='ltr'>instructionem</span> <span class='ocrx_word' id='word_1_86' title='bbox 747 2342 841 2405; x_wconf 90' lang='lat' dir='ltr'>snper</span> <span class='ocrx_word' id='word_1_87' title='bbox 862 2324 1080 2408; x_wconf 90' lang='lat' dir='ltr'>omnipotentis</span> <span class='ocrx_word' id='word_1_88' title='bbox 1095 2324 1145 2388; x_wconf 92' lang='lat' dir='ltr'>dei</span> <span class='ocrx_word' id='word_1_89' title='bbox 1160 2341 1238 2406; x_wconf 91' lang='lat' dir='ltr'>quae</span> <span class='ocrx_word' id='word_1_90' title='bbox 1252 2324 1286 2388; x_wconf 86' lang='lat' dir='ltr'>iu</span> <span class='ocrx_word' id='word_1_91' title='bbox 1301 2320 1409 2389; x_wconf 81' lang='lat' dir='ltr'>Genesi</span> 
     </span>
     <span class='ocr_line' id='line_1_17' title="bbox 296 2426 1443 2512; baseline 0.002 -21"><span class='ocrx_word' id='word_1_92' title='bbox 296 2426 414 2509; x_wconf 87' lang='lat' dir='ltr'>legitur</span> <span class='ocrx_word' id='word_1_93' title='bbox 442 2426 579 2512; x_wconf 84' lang='lat' dir='ltr'>imagine</span> <span class='ocrx_word' id='word_1_94' title='bbox 609 2427 783 2509; x_wconf 84' lang='lat' dir='ltr'>quibusque</span> <span class='ocrx_word' id='word_1_95' title='bbox 812 2428 1058 2511; x_wconf 85' lang='lat' dir='ltr'>simplicioribus</span> <span class='ocrx_word' id='word_1_96' title='bbox 1081 2427 1309 2511; x_wconf 85' lang='lat' dir='ltr'>conferendam,</span> <span class='ocrx_word' id='word_1_97' title='bbox 1332 2444 1443 2510; x_wconf 81' lang='lat' dir='ltr'>prae-u</span> 
     </span>
     <span class='ocr_line' id='line_1_18' title="bbox 296 2530 1412 2615; baseline -0.003 -19"><span class='ocrx_word' id='word_1_98' title='bbox 296 2530 406 2596; x_wconf 89' lang='lat' dir='ltr'>sertim</span> <span class='ocrx_word' id='word_1_99' title='bbox 434 2549 507 2596; x_wconf 91' lang='lat' dir='ltr'>cnm</span> <span class='ocrx_word' id='word_1_100' title='bbox 536 2532 620 2596; x_wconf 88' lang='lat' dir='ltr'>tanti</span> <span class='ocrx_word' id='word_1_101' title='bbox 650 2530 806 2614; x_wconf 86' lang='lat' dir='ltr'>dogmatis</span> <span class='ocrx_word' id='word_1_102' title='bbox 830 2550 922 2597; x_wconf 88' lang='lat' dir='ltr'>causa</span> <span class='ocrx_word' id='word_1_103' title='bbox 944 2533 1096 2611; x_wconf 87' lang='lat' dir='ltr'>uertatur,</span> <span class='ocrx_word' id='word_1_104' title='bbox 1121 2532 1156 2597; x_wconf 93' lang='lat' dir='ltr'>ut</span> <span class='ocrx_word' id='word_1_105' title='bbox 1177 2530 1330 2615; x_wconf 82' lang='lat' dir='ltr'>ignoratio</span> <span class='ocrx_word' id='word_1_106' title='bbox 1352 2530 1412 2594; x_wconf 91' lang='lat' dir='ltr'>eius</span> 
     </span>
     <span class='ocr_line' id='line_1_19' title="bbox 295 2634 1410 2719; baseline -0.001 -22"><span class='ocrx_word' id='word_1_107' title='bbox 295 2634 362 2698; x_wconf 90' lang='lat' dir='ltr'>sine</span> <span class='ocrx_word' id='word_1_108' title='bbox 395 2634 515 2719; x_wconf 89' lang='lat' dir='ltr'>ingenti</span> <span class='ocrx_word' id='word_1_109' title='bbox 549 2635 739 2718; x_wconf 86' lang='lat' dir='ltr'>blasphemia</span> <span class='ocrx_word' id='word_1_110' title='bbox 769 2635 802 2699; x_wconf 89' lang='lat' dir='ltr'>et</span> <span class='ocrx_word' id='word_1_111' title='bbox 830 2635 999 2701; x_wconf 86' lang='lat' dir='ltr'>catholicae</span> <span class='ocrx_word' id='word_1_112' title='bbox 1031 2636 1104 2701; x_wconf 87' lang='lat' dir='ltr'>fidei</span> <span class='ocrx_word' id='word_1_113' title='bbox 1133 2635 1321 2699; x_wconf 92' lang='lat' dir='ltr'>detrimento</span> <span class='ocrx_word' id='word_1_114' title='bbox 1349 2650 1410 2698; x_wconf 90' lang='lat' dir='ltr'>esse</span> 
     </span>
     <span class='ocr_line' id='line_1_20' title="bbox 297 2736 489 2821; baseline 0.016 -20"><span class='ocrx_word' id='word_1_115' title='bbox 297 2755 358 2801; x_wconf 90' lang='lat' dir='ltr'>non</span> <span class='ocrx_word' id='word_1_116' title='bbox 380 2736 489 2821; x_wconf 86' lang='lat' dir='ltr'>possit.</span> 
     </span>
    </p>
   </div>
   <div class='ocr_carea' id='block_1_6' title="bbox 295 2857 1443 3461">
    <p class='ocr_par' dir='ltr' id='par_1_6' title="bbox 295 2857 1443 3461">
     <span class='ocr_line' id='line_1_21' title="bbox 339 2857 1411 2944; baseline -0.005 -19"><span class='ocrx_word' id='word_1_117' title='bbox 339 2860 382 2925; x_wconf 90' lang='grc' dir='ltr'>Π.</span> <span class='ocrx_word' id='word_1_118' title='bbox 411 2859 499 2924; x_wconf 89' lang='lat' dir='ltr'>Intra</span> <span class='ocrx_word' id='word_1_119' title='bbox 532 2858 669 2944; x_wconf 81' lang='lat' dir='ltr'>Aegypti</span> <span class='ocrx_word' id='word_1_120' title='bbox 701 2860 860 2942; x_wconf 84' lang='lat' dir='ltr'>regionem</span> <span class='ocrx_word' id='word_1_121' title='bbox 897 2878 964 2924; x_wconf 89' lang='lat' dir='ltr'>mos</span> <span class='ocrx_word' id='word_1_122' title='bbox 997 2860 1058 2924; x_wconf 90' lang='lat' dir='ltr'>iste</span> <span class='ocrx_word' id='word_1_123' title='bbox 1090 2858 1220 2942; x_wconf 90' lang='lat' dir='ltr'>antiqua</span> <span class='ocrx_word' id='word_1_124' title='bbox 1251 2857 1411 2923; x_wconf 85' lang='lat' dir='ltr'>traditione</span> 
     </span>
     <span class='ocr_line' id='line_1_22' title="bbox 296 2960 1443 3048; baseline -0.005 -20"><span class='ocrx_word' id='word_1_125' title='bbox 296 2966 448 3045; x_wconf 87' lang='lat' dir='ltr'>seruatur,</span> <span class='ocrx_word' id='word_1_126' title='bbox 471 2962 508 3027; x_wconf 93' lang='lat' dir='ltr'>ut</span> <span class='ocrx_word' id='word_1_127' title='bbox 528 2966 653 3043; x_wconf 86' lang='lat' dir='ltr'>peracto</span> <span class='ocrx_word' id='word_1_128' title='bbox 669 2963 916 3048; x_wconf 80' lang='lat' dir='ltr'>Epiphaniorum</span> <span class='ocrx_word' id='word_1_129' title='bbox 939 2963 998 3041; x_wconf 91' lang='lat' dir='ltr'>die,</span> <span class='ocrx_word' id='word_1_130' title='bbox 1021 2982 1114 3046; x_wconf 91' lang='lat' dir='ltr'>quem</span> <span class='ocrx_word' id='word_1_131' title='bbox 1136 2962 1313 3046; x_wconf 88' lang='lat' dir='ltr'>prouinciae</span> <span class='ocrx_word' id='word_1_132' title='bbox 1329 2960 1443 3025; x_wconf 81' lang='lat' dir='ltr'>illinso</span> 
     </span>
     <span class='ocr_line' id='line_1_23' title="bbox 296 3060 1411 3149; baseline -0.003 -19"><span class='ocrx_word' id='word_1_133' title='bbox 296 3068 470 3133; x_wconf 88' lang='lat' dir='ltr'>sacerdotes</span> <span class='ocrx_word' id='word_1_134' title='bbox 492 3065 544 3131; x_wconf 90' lang='lat' dir='ltr'>uel</span> <span class='ocrx_word' id='word_1_135' title='bbox 566 3067 714 3132; x_wconf 91' lang='lat' dir='ltr'>dominici</span> <span class='ocrx_word' id='word_1_136' title='bbox 737 3066 889 3149; x_wconf 89' lang='lat' dir='ltr'>baptismi</span> <span class='ocrx_word' id='word_1_137' title='bbox 919 3067 970 3132; x_wconf 89' lang='lat' dir='ltr'>uel</span> <span class='ocrx_word' id='word_1_138' title='bbox 999 3068 1167 3132; x_wconf 91' lang='lat' dir='ltr'>secundum</span> <span class='ocrx_word' id='word_1_139' title='bbox 1189 3084 1314 3131; x_wconf 87' lang='lat' dir='ltr'>carnem</span> <span class='ocrx_word' id='word_1_140' title='bbox 1335 3060 1411 3128; x_wconf 88' lang='lat' dir='ltr'>nati·</span> 
     </span>
     <span class='ocr_line' id='line_1_24' title="bbox 295 3167 1407 3255; baseline -0.003 -21"><span class='ocrx_word' id='word_1_141' title='bbox 295 3169 405 3235; x_wconf 90' lang='lat' dir='ltr'>nitatis</span> <span class='ocrx_word' id='word_1_142' title='bbox 427 3188 492 3235; x_wconf 89' lang='lat' dir='ltr'>esse</span> <span class='ocrx_word' id='word_1_143' title='bbox 515 3170 670 3235; x_wconf 89' lang='lat' dir='ltr'>definiunt</span> <span class='ocrx_word' id='word_1_144' title='bbox 692 3174 723 3235; x_wconf 93' lang='lat' dir='ltr'>et</span> <span class='ocrx_word' id='word_1_145' title='bbox 741 3168 855 3237; x_wconf 89' lang='lat' dir='ltr'>idcirco</span> <span class='ocrx_word' id='word_1_146' title='bbox 871 3170 1035 3255; x_wconf 88' lang='lat' dir='ltr'>utriusque</span> <span class='ocrx_word' id='word_1_147' title='bbox 1050 3169 1237 3236; x_wconf 89' lang='lat' dir='ltr'>sacramenti</span> <span class='ocrx_word' id='word_1_148' title='bbox 1253 3167 1407 3236; x_wconf 91' lang='lat' dir='ltr'>sollemni·</span> 
     </span>
     <span class='ocr_line' id='line_1_25' title="bbox 295 3270 1411 3357; baseline -0.005 -18"><span class='ocrx_word' id='word_1_149' title='bbox 295 3278 395 3339; x_wconf 88' lang='lat' dir='ltr'>tatem</span> <span class='ocrx_word' id='word_1_150' title='bbox 410 3291 472 3338; x_wconf 92' lang='lat' dir='ltr'>nou</span> <span class='ocrx_word' id='word_1_151' title='bbox 487 3274 598 3340; x_wconf 86' lang='lat' dir='ltr'>bifarie</span> <span class='ocrx_word' id='word_1_152' title='bbox 612 3274 649 3338; x_wconf 92' lang='lat' dir='ltr'>nt</span> <span class='ocrx_word' id='word_1_153' title='bbox 662 3274 841 3339; x_wconf 89' lang='lat' dir='ltr'>inocciduis</span> <span class='ocrx_word' id='word_1_154' title='bbox 853 3274 1034 3357; x_wconf 86' lang='lat' dir='ltr'>prouinciis,</span> <span class='ocrx_word' id='word_1_155' title='bbox 1049 3275 1101 3339; x_wconf 91' lang='lat' dir='ltr'>sed</span> <span class='ocrx_word' id='word_1_156' title='bbox 1112 3274 1169 3339; x_wconf 89' lang='lat' dir='ltr'>sub</span> <span class='ocrx_word' id='word_1_157' title='bbox 1180 3292 1244 3339; x_wconf 90' lang='lat' dir='ltr'>una</span> <span class='ocrx_word' id='word_1_158' title='bbox 1254 3273 1316 3339; x_wconf 89' lang='lat' dir='ltr'>diei</span> <span class='ocrx_word' id='word_1_159' title='bbox 1327 3270 1411 3335; x_wconf 90' lang='lat' dir='ltr'>huius</span> 
     </span>
     <span class='ocr_line' id='line_1_26' title="bbox 295 3374 1410 3461; baseline -0.005 -19"><span class='ocrx_word' id='word_1_160' title='bbox 295 3377 471 3443; x_wconf 87' lang='lat' dir='ltr'>festiuitate</span> <span class='ocrx_word' id='word_1_161' title='bbox 502 3376 731 3459; x_wconf 89' lang='lat' dir='ltr'>concelebrant,</span> <span class='ocrx_word' id='word_1_162' title='bbox 761 3377 914 3461; x_wconf 88' lang='lat' dir='ltr'>epistulae</span> <span class='ocrx_word' id='word_1_163' title='bbox 942 3377 1099 3460; x_wconf 85' lang='lat' dir='ltr'>pontilicis</span> <span class='ocrx_word' id='word_1_164' title='bbox 1132 3374 1332 3443; x_wconf 82' lang='lat' dir='ltr'>Alexandrini</span> <span class='ocrx_word' id='word_1_165' title='bbox 1360 3390 1410 3457; x_wconf 90' lang='lat' dir='ltr'>per</span> 
     </span>
    </p>
   </div>
   <div class='ocr_carea' id='block_1_7' title="bbox 294 3664 1416 4011">
    <p class='ocr_par' dir='ltr' id='par_1_7' title="bbox 294 3664 1416 4011">
     <span class='ocr_line' id='line_1_27' title="bbox 345 3664 1353 3723; baseline -0.002 -2"><span class='ocrx_word' id='word_1_166' title='bbox 345 3667 363 3721; x_wconf 86' lang='grc'><strong>3</strong></span> <span class='ocrx_word' id='word_1_167' title='bbox 384 3666 575 3721; x_wconf 83' lang='lat' dir='ltr'>conscendatur</span> <span class='ocrx_word' id='word_1_168' title='bbox 595 3667 622 3723; x_wconf 88' lang='lat' dir='ltr'><strong><em>V</em></strong></span> <span class='ocrx_word' id='word_1_169' title='bbox 722 3666 739 3721; x_wconf 86' lang='grc'><strong>6</strong></span> <span class='ocrx_word' id='word_1_170' title='bbox 762 3666 949 3721; x_wconf 82' lang='lat' dir='ltr'>mutabilitate</span> <span class='ocrx_word' id='word_1_171' title='bbox 972 3666 1003 3720; x_wconf 90' lang='lat' dir='ltr'><em>X</em></span> <span class='ocrx_word' id='word_1_172' title='bbox 1105 3665 1120 3719; x_wconf 86' lang='grc'><strong>7</strong></span> <span class='ocrx_word' id='word_1_173' title='bbox 1143 3664 1230 3721; x_wconf 85' lang='lat' dir='ltr'>XIIII</span> <span class='ocrx_word' id='word_1_174' title='bbox 1248 3680 1300 3719; x_wconf 84' lang='lat' dir='ltr'>ora.</span> <span class='ocrx_word' id='word_1_175' title='bbox 1325 3664 1353 3719; x_wconf 89' lang='lat' dir='ltr'><strong><em>D</em></strong></span> 
     </span>
     <span class='ocr_line' id='line_1_28' title="bbox 294 3749 1350 3823; baseline -0.003 -16"><span class='ocrx_word' id='word_1_176' title='bbox 294 3753 529 3821; x_wconf 85' lang='lat' dir='ltr'>quemammodum</span> <span class='ocrx_word' id='word_1_177' title='bbox 540 3753 572 3807; x_wconf 90' lang='lat' dir='ltr'>X</span> <span class='ocrx_word' id='word_1_178' title='bbox 661 3754 678 3807; x_wconf 89' lang='lat'>8</span> <span class='ocrx_word' id='word_1_179' title='bbox 690 3754 805 3823; x_wconf 90' lang='lat' dir='ltr'>adquiri.</span> <span class='ocrx_word' id='word_1_180' title='bbox 823 3752 937 3807; x_wconf 78' lang='lat' dir='ltr'>liniunt</span> <span class='ocrx_word' id='word_1_181' title='bbox 950 3756 1009 3821; x_wconf 81' lang='lat' dir='ltr'>capl</span> <span class='ocrx_word' id='word_1_182' title='bbox 1021 3752 1111 3807; x_wconf 67' lang='lat' dir='ltr'>conlib</span> <span class='ocrx_word' id='word_1_183' title='bbox 1124 3752 1228 3820; x_wconf 88' lang='lat' dir='ltr'>(conlac</span> <span class='ocrx_word' id='word_1_184' title='bbox 1239 3750 1281 3819; x_wconf 89' lang='lat' dir='ltr'>D)</span> <span class='ocrx_word' id='word_1_185' title='bbox 1297 3749 1350 3807; x_wconf 87' lang='lat' dir='ltr'>VD</span> 
     </span>
     <span class='ocr_line' id='line_1_29' title="bbox 294 3834 1416 3933; baseline -0.002 -42"><span class='ocrx_word' id='word_1_186' title='bbox 294 3838 413 3907; x_wconf 80' lang='lat' dir='ltr'>Explicit</span> <span class='ocrx_word' id='word_1_187' title='bbox 436 3839 459 3896; x_wconf 89' lang='lat'><em>0</em></span> <span class='ocrx_word' id='word_1_188' title='bbox 492 3838 648 3907; x_wconf 73' lang='lat' dir='ltr'>displiciunt</span> <span class='ocrx_word' id='word_1_189' title='bbox 665 3839 783 3909; x_wconf 83' lang='lat' dir='ltr'>eapitulq</span> <span class='ocrx_word' id='word_1_190' title='bbox 807 3839 839 3893; x_wconf 90' lang='lat' dir='ltr'>X</span> <span class='ocrx_word' id='word_1_191' title='bbox 939 3836 1039 3907; x_wconf 89' lang='lat' dir='ltr'>Incipit</span> <span class='ocrx_word' id='word_1_192' title='bbox 1056 3838 1137 3906; x_wconf 92' lang='lat' dir='ltr'>(Item</span> <span class='ocrx_word' id='word_1_193' title='bbox 1154 3836 1194 3905; x_wconf 79' lang='lat' dir='ltr'>X)</span> <span class='ocrx_word' id='word_1_194' title='bbox 1213 3836 1329 3893; x_wconf 84' lang='lat' dir='ltr'>eiusdem</span> <span class='ocrx_word' id='word_1_195' title='bbox 1346 3834 1416 3933; x_wconf 59' lang='lat' dir='ltr'>senis</span> 
     </span>
     <span class='ocr_line' id='line_1_30' title="bbox 294 3938 1411 4011; baseline 0 -16"><span class='ocrx_word' id='word_1_196' title='bbox 294 3941 409 3996; x_wconf 88' lang='lat' dir='ltr'>conlatio</span> <span class='ocrx_word' id='word_1_197' title='bbox 432 3942 547 3997; x_wconf 88' lang='lat' dir='ltr'>secunda</span> <span class='ocrx_word' id='word_1_198' title='bbox 569 3940 635 4008; x_wconf 86' lang='lat' dir='ltr'>(·II·</span> <span class='ocrx_word' id='word_1_199' title='bbox 660 3942 696 4011; x_wconf 94' lang='lat' dir='ltr'>V)</span> <span class='ocrx_word' id='word_1_200' title='bbox 719 3942 752 3997; x_wconf 91' lang='lat' dir='ltr'>de</span> <span class='ocrx_word' id='word_1_201' title='bbox 776 3942 896 3997; x_wconf 88' lang='lat' dir='ltr'>oratione</span> <span class='ocrx_word' id='word_1_202' title='bbox 918 3942 961 4011; x_wconf 92' lang='lat' dir='ltr'>(de</span> <span class='ocrx_word' id='word_1_203' title='bbox 985 3943 1053 3995; x_wconf 82' lang='lat' dir='ltr'>orat.</span> <span class='ocrx_word' id='word_1_204' title='bbox 1076 3956 1128 3996; x_wconf 86' lang='lat' dir='ltr'>om.</span> <span class='ocrx_word' id='word_1_205' title='bbox 1153 3940 1187 4007; x_wconf 81' lang='lat' dir='ltr'>V)</span> <span class='ocrx_word' id='word_1_206' title='bbox 1215 3938 1312 3996; x_wconf 85' lang='lat' dir='ltr'>VIVX</span> <span class='ocrx_word' id='word_1_207' title='bbox 1343 3938 1411 4007; x_wconf 84' lang='lat' dir='ltr'>lnup</span> 
     </span>
    </p>
   </div>
   <div class='ocr_carea' id='block_1_8' title="bbox 292 4028 1519 4461">
    <p class='ocr_par' dir='ltr' id='par_1_8' title="bbox 293 4028 1412 4201">
     <span class='ocr_line' id='line_1_31' title="bbox 294 4028 1412 4115; baseline -0.001 -17"><span class='ocrx_word' id='word_1_208' title='bbox 294 4028 384 4100; x_wconf 68' lang='lat' dir='ltr'>mulae</span> <span class='ocrx_word' id='word_1_209' title='bbox 401 4028 455 4101; x_wconf 77' lang='lat' dir='ltr'>abb</span> <span class='ocrx_word' id='word_1_210' title='bbox 472 4044 542 4100; x_wconf 84' lang='lat' dir='ltr'>isaac</span> <span class='ocrx_word' id='word_1_211' title='bbox 559 4045 673 4100; x_wconf 90' lang='lat' dir='ltr'>secuuda</span> <span class='ocrx_word' id='word_1_212' title='bbox 691 4046 723 4100; x_wconf 93' lang='lat' dir='ltr'>de</span> <span class='ocrx_word' id='word_1_213' title='bbox 746 4046 867 4101; x_wconf 90' lang='lat' dir='ltr'>oratione</span> <span class='ocrx_word' id='word_1_214' title='bbox 887 4043 917 4098; x_wconf 90' lang='lat' dir='ltr'><em>D</em></span> <span class='ocrx_word' id='word_1_215' title='bbox 951 4034 1017 4115; x_wconf 74' lang='lat' dir='ltr'>Inep</span> <span class='ocrx_word' id='word_1_216' title='bbox 1038 4048 1099 4101; x_wconf 79' lang='lat' dir='ltr'>uult</span> <span class='ocrx_word' id='word_1_217' title='bbox 1122 4060 1157 4101; x_wconf 87' lang='lat' dir='ltr'>·x·</span> <span class='ocrx_word' id='word_1_218' title='bbox 1182 4045 1205 4101; x_wconf 90' lang='grc' dir='ltr'><em>Ο</em></span> <span class='ocrx_word' id='word_1_219' title='bbox 1239 4046 1356 4101; x_wconf 84' lang='lat' dir='ltr'>Collatio</span> <span class='ocrx_word' id='word_1_220' title='bbox 1377 4058 1412 4097; x_wconf 90' lang='lat' dir='ltr'>se·</span> 
     </span>
     <span class='ocr_line' id='line_1_32' title="bbox 293 4130 1352 4201; baseline 0 -14"><span class='ocrx_word' id='word_1_221' title='bbox 293 4132 382 4187; x_wconf 87' lang='lat' dir='ltr'>cunda</span> <span class='ocrx_word' id='word_1_222' title='bbox 404 4131 432 4186; x_wconf 88' lang='lat' dir='ltr'><em>P</em></span> <span class='ocrx_word' id='word_1_223' title='bbox 534 4132 551 4185; x_wconf 89' lang='grc'>9</span> <span class='ocrx_word' id='word_1_224' title='bbox 574 4132 639 4185; x_wconf 88' lang='lat' dir='ltr'>haec</span> <span class='ocrx_word' id='word_1_225' title='bbox 660 4147 710 4187; x_wconf 81' lang='lat' dir='ltr'>ora.</span> <span class='ocrx_word' id='word_1_226' title='bbox 738 4133 777 4189; x_wconf 85' lang='lat' dir='ltr'><strong><em>W</em></strong></span> <span class='ocrx_word' id='word_1_227' title='bbox 879 4133 910 4186; x_wconf 89' lang='lat'>11</span> <span class='ocrx_word' id='word_1_228' title='bbox 935 4132 1020 4201; x_wconf 90' lang='lat' dir='ltr'>adque</span> <span class='ocrx_word' id='word_1_229' title='bbox 1047 4131 1074 4187; x_wconf 88' lang='lat' dir='ltr'><strong><em>V</em></strong></span> <span class='ocrx_word' id='word_1_230' title='bbox 1173 4131 1266 4201; x_wconf 81' lang='lat' dir='ltr'>pulcro</span> <span class='ocrx_word' id='word_1_231' title='bbox 1288 4130 1352 4187; x_wconf 87' lang='lat' dir='ltr'>WO</span> 
     </span>
    </p>

    <p class='ocr_par' dir='ltr' id='par_1_9' title="bbox 292 4206 1519 4461">
     <span class='ocr_line' id='line_1_33' title="bbox 295 4206 1519 4287; baseline -0.002 -16"><span class='ocrx_word' id='word_1_232' title='bbox 295 4216 327 4271; x_wconf 84' lang='lat'>12</span> <span class='ocrx_word' id='word_1_233' title='bbox 343 4233 443 4273; x_wconf 88' lang='lat' dir='ltr'>nouum</span> <span class='ocrx_word' id='word_1_234' title='bbox 459 4216 575 4272; x_wconf 88' lang='lat' dir='ltr'>DOPX</span> <span class='ocrx_word' id='word_1_235' title='bbox 669 4219 703 4274; x_wconf 84' lang='lat'>15</span> <span class='ocrx_word' id='word_1_236' title='bbox 720 4217 867 4287; x_wconf 84' lang='lat' dir='ltr'>Imaginem</span> <span class='ocrx_word' id='word_1_237' title='bbox 888 4218 911 4273; x_wconf 92' lang='grc'><em>0</em></span> <span class='ocrx_word' id='word_1_238' title='bbox 1006 4218 1037 4273; x_wconf 78' lang='lat' dir='ltr'>ll</span> <span class='ocrx_word' id='word_1_239' title='bbox 1056 4217 1136 4272; x_wconf 84' lang='lat' dir='ltr'>blasi.</span> <span class='ocrx_word' id='word_1_240' title='bbox 1153 4216 1211 4273; x_wconf 90' lang='lat' dir='ltr'>DO</span> <span class='ocrx_word' id='word_1_241' title='bbox 1305 4214 1410 4271; x_wconf 87' lang='lat' dir='ltr'>chatho-</span> <span class='ocrx_word' id='word_1_242' title='bbox 1518 4206 1519 4221; x_wconf 56' lang='lat'>¹</span> 
     </span>
     <span class='ocr_line' id='line_1_34' title="bbox 292 4302 1519 4377; baseline -0.003 -17"><span class='ocrx_word' id='word_1_243' title='bbox 292 4306 359 4360; x_wconf 83' lang='lat' dir='ltr'>lioae</span> <span class='ocrx_word' id='word_1_244' title='bbox 379 4303 407 4360; x_wconf 97' lang='lat' dir='ltr'><strong><em>V</em></strong></span> <span class='ocrx_word' id='word_1_245' title='bbox 506 4305 542 4359; x_wconf 75' lang='lat'>20</span> <span class='ocrx_word' id='word_1_246' title='bbox 564 4303 669 4374; x_wconf 82' lang='lat' dir='ltr'>epylan.</span> <span class='ocrx_word' id='word_1_247' title='bbox 693 4304 720 4358; x_wconf 96' lang='lat' dir='ltr'><strong><em>V</em></strong></span> <span class='ocrx_word' id='word_1_248' title='bbox 742 4304 894 4375; x_wconf 73' lang='lat' dir='ltr'>ephypban.</span> <span class='ocrx_word' id='word_1_249' title='bbox 917 4303 947 4359; x_wconf 89' lang='lat' dir='ltr'><strong><em>D</em></strong></span> <span class='ocrx_word' id='word_1_250' title='bbox 977 4306 1074 4374; x_wconf 80' lang='lat' dir='ltr'>epifan.</span> <span class='ocrx_word' id='word_1_251' title='bbox 1101 4304 1166 4361; x_wconf 87' lang='lat' dir='ltr'>WP</span> <span class='ocrx_word' id='word_1_252' title='bbox 1268 4302 1412 4373; x_wconf 79' lang='lat' dir='ltr'>pronintiea</span> <span class='ocrx_word' id='word_1_253' title='bbox 1518 4370 1519 4377; x_wconf 8' lang='grc' dir='ltr'>ἵ</span> 
     </span>
     <span class='ocr_line' id='line_1_35' title="bbox 297 4386 1519 4461; baseline -0.002 -14"><span class='ocrx_word' id='word_1_254' title='bbox 297 4391 381 4447; x_wconf 88' lang='lat' dir='ltr'>VDX</span> <span class='ocrx_word' id='word_1_255' title='bbox 483 4390 517 4445; x_wconf 83' lang='lat'>24</span> <span class='ocrx_word' id='word_1_256' title='bbox 534 4390 680 4460; x_wconf 81' lang='lat' dir='ltr'>espistolae</span> <span class='ocrx_word' id='word_1_257' title='bbox 703 4390 741 4446; x_wconf 88' lang='lat' dir='ltr'><em>W</em></span> <span class='ocrx_word' id='word_1_258' title='bbox 767 4391 897 4461; x_wconf 84' lang='lat' dir='ltr'>epistolae</span> <span class='ocrx_word' id='word_1_259' title='bbox 915 4390 1016 4447; x_wconf 81' lang='lat' dir='ltr'>D²0x</span> <span class='ocrx_word' id='word_1_260' title='bbox 1518 4386 1519 4389; x_wconf 66' lang='grc'>’</span> 
     </span>
    </p>
   </div>
   <div class='ocr_carea' id='block_1_9' title="bbox 0 0 1550 4967">
    <p class='ocr_par' dir='ltr' id='par_1_10' title="bbox 0 0 1550 4967">
     <span class='ocr_line' id='line_1_36' title="bbox 0 0 1550 4967; baseline 0 2"><span class='ocrx_word' id='word_1_261' title='bbox 0 0 1550 4967; x_wconf 95' lang='lat' dir='ltr'> </span> 
     </span>
    </p>
   </div>
  </div>
 </body>
</html>
