3092 4967
482 426 644 481 Conlatio
668 424 855 491 v1111,1-2.
1168 422 1228 489 251

122 620 243 700 corporis
273 636 367 700 qnam
396 617 614 683 contritionem
646 616 773 700 spiritus
806 614 956 680 indefesse
994 614 1169 696 quaerimus
1200 614 1232 677 et

121 722 222 807 iupiter
245 740 430 787 exercemus.
468 727 500 785 et
521 723 571 785 est
592 722 675 786 inter
702 722 891 786 alterutrum
906 718 1065 801 reciproca
1081 719 1231 802 quaedam

120 825 386 907 inseparabilisque
414 824 600 890 coniunctio.
634 842 709 889 nam
738 822 821 888 sicut
852 822 890 887 ad
914 822 1061 886 orationis
1083 820 1230 904 perfecti-

121 946 199 993 onem
228 928 367 992 omnium
397 929 499 992 tendit
529 929 688 993 structura
708 928 873 1004 uirtutum,
897 927 943 991 ita
965 926 1025 990 nisi
1048 924 1140 990 huius
1163 924 1232 989 cul·

103 1034 191 1100 emine
214 1032 291 1095 haec
312 1032 417 1097 omnia
433 1031 550 1096 fuerint
573 1032 731 1115 conligata
746 1035 839 1113 atque
854 1032 1015 1113 conpacta,
1042 1026 1232 1094 nullomodo

120 1135 197 1200 bne
224 1137 375 1217 poterunt
405 1135 454 1199 uel
486 1134 612 1201 stabilia
644 1135 821 1218 perdurare.
858 1132 1119 1215 quemadmodum
1150 1130 1262 1195 enim2

120 1240 176 1303 sine
211 1238 275 1302 illis
305 1240 426 1320 adquiri
457 1238 505 1302 nel
537 1240 746 1303 consummari
776 1256 836 1303 uon
867 1241 971 1321 potest
1002 1238 1078 1303 haee
1103 1236 1141 1301 de
1171 1252 1233 1317 qua

119 1342 266 1424 loquimur
287 1342 435 1425 perpetua
458 1342 606 1407 orationis
629 1342 772 1425 iugisque
795 1342 1020 1425 tranquillitas,
1043 1341 1090 1405 ita
1105 1356 1143 1403 ne
1158 1338 1232 1404 illue

120 1446 236 1527 quidem
257 1445 391 1510 uirtutes
413 1465 491 1527 quae
513 1446 592 1511 hanc
614 1449 819 1528 praestruunt
850 1444 968 1529 absquo
990 1444 1082 1509 huius
1105 1444 1234 1525 possunt

92 1549 301 1617 eadsidnitate
323 1549 467 1631 conpleri.
505 1554 538 1613 et
567 1549 635 1614 ideo
665 1566 723 1613 nec
752 1551 836 1614 recte
865 1549 998 1613 tractare
1024 1544 1233 1611 decretionis

119 1651 223 1717 effectu
251 1670 309 1717 nec
341 1654 381 1719 ad
409 1652 475 1717 eius
497 1652 704 1735 principalem
727 1652 830 1729 finem,
855 1654 908 1734 qui
931 1654 1145 1717 uniuersarnm
1167 1649 1233 1714 nir-

120 1755 215 1817 tutum
244 1752 406 1818 molitione
435 1753 602 1834 perficitur,
631 1752 797 1818 subitanea
824 1752 1035 1833 disputatione
1064 1754 1234 1835 poterimus

119 1855 236 1934 intrare,
260 1856 323 1921 nisi
345 1856 431 1940 prius
453 1858 609 1935 uniuersa,
633 1876 713 1939 quae
729 1856 815 1921 illius
831 1856 962 1922 obtentu
978 1858 1029 1921 uel
1044 1856 1235 1923 abscidenda

119 1962 187 2023 sunt
206 1959 257 2024 uel
279 1961 429 2045 paranda,
450 1980 505 2044 per
529 1960 667 2025 ordinem
693 1960 890 2025 dinumerata
913 1958 1031 2026 fuerint
1052 1966 1145 2043 atque
1169 1960 1234 2025 dis·

91 2080 210 2141 recusa,
233 2066 264 2128 et
286 2063 458 2129 seeundum
480 2063 678 2147 euangelioae
699 2066 865 2146 parabolae
881 2063 1080 2147 disciplinam
1097 2084 1141 2145 aa,
1158 2082 1235 2149 quae

120 2166 155 2229 ad
186 2166 336 2249 spiritalis
366 2185 402 2231 ec
430 2167 671 2233 sublimissimae
704 2167 791 2231 illius
826 2168 1047 2232 extructionem
1079 2168 1236 2249 pertinent

120 2268 216 2353 turris,
252 2268 423 2353 subputata
457 2270 574 2336 luerint
607 2288 644 2335 ac
675 2269 839 2354 diligenter
877 2272 949 2334 ante
972 2276 1125 2355 congesta.
1159 2282 1266 2354 quae3

119 2372 218 2436 tamen
239 2390 295 2437 neo
317 2374 491 2455 proderunt
511 2375 694 2456 praeparata
725 2392 782 2437 neo
811 2374 896 2438 recto
923 2375 1089 2457 superponi
1112 2376 1236 2441 sibimet

121 2477 233 2540 excelsa
254 2476 395 2542 culmina
415 2477 615 2560 perfectionis
636 2478 814 2555 admittent,
837 2478 898 2542 nisi
921 2480 1025 2560 egesto
1047 2476 1135 2559 prius
1150 2478 1235 2543 omni

91 2582 254 2663 erepnrgio
284 2580 435 2645 uitiorum
464 2583 495 2646 et
524 2580 642 2647 effossis
673 2580 828 2647 succiduis
858 2581 1050 2663 mortuisque
1072 2580 1235 2647 ruderibus

120 2682 291 2761 passionum
320 2686 411 2748 uiuae
441 2688 477 2748 ut
504 2686 593 2750 aiunt
620 2703 656 2751 ae
684 2686 802 2749 solidae
831 2686 933 2750 terrae
962 2684 1094 2767 pectoris
1125 2685 1235 2761 nostri,

120 2783 207 2849 immo
234 2786 281 2851 illi
311 2788 508 2869 euangelicae
536 2788 643 2871 petrae
671 2788 848 2870 superiecta
877 2787 995 2853 inerint
1024 2786 1237 2871 simplicitatis

121 2894 150 2950 et
178 2888 366 2955 humilitatis
404 2890 586 2956 firmissima
622 2892 837 2970 fundamenta,
875 2890 987 2973 quibus
1025 2890 1100 2957 haec
1137 2891 1234 2956 turris

121 2991 301 3073 spiritalium
338 2995 492 3061 uirtutum
525 2994 743 3060 molitionibus
778 2994 947 3059 extruenda
980 2996 1012 3058 et
1045 2993 1237 3059 inmobiliter

92 3094 215 3160 aualmt
245 3097 380 3163 stabiliri
409 3100 441 3162 et
473 3098 512 3164 ad
545 3117 669 3163 summa
702 3098 857 3164 caelorum
891 3096 1020 3182 fastigia
1053 3096 1237 3162 confidentia

122 3200 252 3280 propriae
274 3200 437 3267 firmitatis
452 3202 573 3267 adtolli.
603 3202 818 3267 fundamentis
834 3199 950 3265 etenim
965 3198 1082 3264 talibus
1098 3200 1267 3269 multon-4

122 3300 188 3376 bn,
204 3304 344 3385 quamuis
360 3306 538 3388 passionum
553 3306 668 3371 imbres
687 3304 857 3388 largissimi
874 3302 1111 3387 profundantur,
1128 3288 1236 3385 quam-

214 3491 245 3545 15
263 3489 298 3543 cf.
318 3488 382 3545 Luc.
403 3491 442 3556 14,
461 3490 496 3544 28
599 3490 633 3544 22
651 3492 685 3544 cf.
704 3490 768 3545 Luc.
787 3490 812 3555 6,
829 3490 864 3545 48

166 3658 313 3715 urrerem
332 3660 373 3715 1)ι
473 3661 491 3715 4
508 3660 606 3730 enare]
625 3660 754 3729 perseus
772 3628 862 3715 eneis
884 3660 921 3717 w
1019 3664 1126 3716 satura
1143 3660 1172 3714 n

121 3746 232 3815 tsdque
252 3748 303 3803 VP
405 3748 421 3801 6
444 3747 637 3845 potueruntuD
665 3748 785 3817 poterint
803 3748 830 3801 P
932 3746 1040 3802 Tillius
1058 3748 1136 3817 plena
1154 3746 1239 3802 cordis

122 3849 203 3914 quiete
227 3851 335 3919 adquiri
364 3853 404 3909 W
513 3850 530 3905 9
555 3853 619 3906 baec
648 3852 676 3906 V
783 3854 957 3921 praestruunt
982 3851 1067 3906 animi
1093 3852 1240 3921 puritatem

125 3933 158 3988 W
253 3937 374 4007 possum]
393 3952 461 4006 poss.
480 3938 609 3992 orationis
630 3939 669 3994 W
773 3938 806 3992 10
823 3936 996 3993 adseduetate
1013 3938 1043 3993 D
1140 3941 1240 3991 tratare

124 4018 150 4071 D
246 4022 275 4076 11
298 4022 396 4077 affectu
413 4022 444 4077 X
547 4024 603 4093 qui]
622 4039 647 4093 qs
665 4024 696 4079 D
801 4025 834 4078 13
856 4026 957 4078 instare
978 4024 1005 4079 V
1105 4022 1137 4076 14
1155 4022 1240 4091 adque

128 4106 173 4160 VP
258 4110 291 4165 15
308 4109 451 4179 perabulae
467 4110 518 4164 VP
602 4110 630 4163 in
648 4126 680 4164 ea
694 4111 743 4165 W¹
837 4111 869 4166 16
887 4126 918 4164 ac
935 4125 986 4165 om·
1007 4108 1031 4165 O
1116 4110 1239 4163 exstrmt.

130 4190 189 4247 ΨΧ
269 4197 302 4251 18
313 4196 512 4265 prodeornntO
593 4194 628 4251 20
639 4194 728 4250 efforts
741 4195 776 4249 V¹
794 4195 886 4250 effusis
900 4196 963 4251 V'P
1043 4194 1077 4249 22
1090 4194 1240 4263 superiacta

127 4276 153 4330 Χ
244 4283 278 4337 24
295 4281 454 4337 exstruenda
476 4282 544 4337 WX
646 4281 680 4338 25
698 4297 801 4351 summe
818 4282 848 4336 D
950 4281 984 4336 26
1008 4282 1116 4351 propias
1136 4282 1174 4337 W

127 4362 156 4416 21
170 4367 268 4434 ymbres
284 4370 314 4424 D
342 4369 480 4425 inbresO
