3092 4967
276 403 340 469 236
670 396 833 453 Iohannis
852 394 1009 454 Cassiani

277 608 342 673 qua
360 590 472 657 norant
493 606 564 655 euos
586 606 694 673 magos
707 587 760 654 uei
782 586 939 655 malefioos
955 606 1009 671 per
1023 584 1254 654 iuuooatiouem
1269 582 1402 651 nominis

276 693 366 761 illine
394 712 431 759 ee
459 693 558 760 ritum
583 692 818 773 eaoridoiorum,
848 708 908 775 quo
930 709 1003 759 eum
1032 688 1181 757 deleotari
1211 692 1243 754 et
1269 688 1404 772 gaudere
1529 742 1530 745 ,

278 798 478 881 oognoeount,
507 797 596 863 uelut
623 795 809 863 domestioos
839 795 906 863 eins
928 794 1043 864 habere
1065 793 1160 859 etiam
1183 792 1215 858 in
1239 792 1403 859 doemonas
1529 844 1530 887 3

278 900 309 967 oi
329 899 472 967 subditos
494 900 692 983 potestatem.

319 1020 389 1084 XX.
413 1034 614 1085 enumnnvs:
638 1017 720 1099 Quia
740 1015 894 1083 &roseos
909 1016 1004 1084 leutio
1018 1016 1111 1101 paulo
1126 1018 1200 1081 aute
1215 1014 1248 1080 in
1265 1013 1402 1080 medium
1421 1036 1431 1075 r

278 1122 329 1189 dei
357 1123 585 1207 dispensatione
613 1123 737 1207 prolata
765 1126 825 1201 est,
851 1140 929 1205 quae
952 1140 1008 1189 uos
1029 1121 1180 1203 oportune
1202 1118 1403 1199 commonuit,

276 1227 314 1293 ut
334 1227 368 1295 id
389 1226 473 1310 quod
493 1243 614 1310 semper
636 1225 752 1291 disoere
773 1224 974 1310 oupiebamus
995 1244 1079 1290 nune
1100 1222 1255 1305 possimus
1270 1238 1403 1307 oongrue
1529 1258 1530 1277 ι

278 1329 440 1410 soieoitani,
464 1330 540 1413 quid
562 1330 660 1396 etiam
681 1331 719 1395 de
740 1328 807 1395 illis
832 1327 986 1411 apostatis
1009 1326 1130 1411 angelis
1152 1326 1351 1392 sentiendum
1365 1326 1404 1391 sit
1529 1362 1530 1404 ι

277 1433 422 1515 optamus
451 1451 626 1519 agnoscere,
655 1432 710 1515 qui
739 1450 874 1503 seeum
903 1430 1029 1497 filiabus
1054 1430 1219 1495 hominum
1242 1428 1405 1495 miscuisse
1529 1470 1530 1491 a

277 1536 434 1615 dieuntur‚
456 1539 565 1602 utrum
587 1536 645 1601 hoo
656 1536 758 1618 possit
771 1535 909 1619 spiritali
930 1535 1060 1601 naturae
1075 1532 1246 1599 seeundum
1262 1532 1404 1599 litteram
1413 1554 1434 1595 n
1529 1571 1530 1611 3

277 1640 453 1707 oonueuire.
474 1638 556 1705 iliud
578 1658 699 1722 quoqne
722 1638 877 1723 euangelii
893 1639 1106 1705 testimoninm
1130 1636 1212 1719 quod
1227 1636 1266 1700 de
1281 1634 1406 1701 diabolo

276 1742 369 1825 paulo
391 1745 465 1807 ante
480 1742 601 1807 dixisti:
624 1742 719 1826 quia
739 1745 902 1809 mendax
932 1744 992 1808 est
1014 1744 1051 1807 et
1073 1742 1187 1823 pater
1209 1740 1294 1805 eins
1317 1738 1406 1803 simi·

277 1844 352 1911 liter
373 1843 583 1911 desideramus
605 1847 715 1912 audire
736 1847 866 1929 quinem
892 1847 957 1912 eius
979 1845 1069 1927 pater
1092 1842 1323 1925 intellegendus
1356 1842 1405 1907 sit
1516 1913 1523 1928 ¹

320 1966 407 2031 XXI.
437 1983 602 2032 ensurws:
641 1968 724 2033 Duas
757 1966 955 2050 quaestiones
989 1984 1051 2031 non
1084 1964 1254 2029 medioeres
1286 1962 1406 2044 pariter
1516 1935 1522 2026 ἶ

278 2070 465 2152 protulistis,
489 2070 528 2135 de
549 2070 662 2154 quibus
683 2072 837 2154 quantum
860 2088 986 2155 possum
1002 2072 1108 2136 eodem
1123 2088 1185 2152 qno
1199 2064 1435 2149 proposuistisu

278 2173 387 2237 ordine
401 2174 601 2258 respondebo.
628 2175 714 2241 nullo
729 2174 821 2241 modo
836 2174 1025 2241 eredendum
1040 2176 1089 2239 eet
1103 2170 1260 2255 spiritales
1276 2172 1405 2235 naturas

278 2276 358 2342 ooire
395 2294 467 2341 eum
498 2276 624 2343 feminis
655 2277 823 2344 oamaliter
858 2296 959 2360 posse.
1004 2275 1114 2359 quodsi
1148 2272 1316 2357 aliquando
1350 2272 1406 2337 hoo

277 2382 449 2446 seeundum
479 2381 621 2447 litteram
650 2382 719 2447 fieri
747 2380 912 2465 potuisset,
943 2380 1095 2462 quomodo
1122 2397 1205 2444 nuno
1227 2394 1351 2459 quoque
1372 2373 1405 2439 id

276 2481 380 2566 ipsum
411 2501 471 2549 non
500 2486 553 2550 uel
581 2503 652 2550 raro
681 2485 877 2568 contingeret
900 2488 932 2549 et
954 2485 1069 2566 absque
1100 2482 1220 2547 semine
1244 2480 1297 2546 uel
1323 2478 1407 2544 ooitu

277 2585 339 2650 uiri
362 2586 483 2669 aliquos
505 2590 592 2653 nasoi
613 2586 761 2653 similiter
783 2588 1028 2654 dementioribus
1051 2590 1202 2668 oonoeptu
1217 2586 1437 2649 daemonnmeo

279 2691 496 2754 oemeremuei’
525 2708 595 2755 oum
624 2692 809 2774 praesertim
839 2691 959 2756 oonetet
988 2706 1039 2755 eos
1067 2688 1237 2754 libidinum
1263 2685 1407 2751 sordibus

278 2790 445 2856 admodum
465 2792 625 2872 delentem,
649 2812 727 2875 quas
748 2794 856 2876 procul
878 2794 970 2860 dubio
985 2812 1041 2875 per
1055 2794 1155 2857 semet
1169 2792 1251 2873 ipsos
1267 2806 1408 2854 exeruere

278 2912 373 2975 quam
394 2914 450 2977 per
477 2895 619 2961 homiues
648 2898 791 2980 mallent,
821 2897 849 2961 si
879 2897 912 2961 id
941 2896 1006 2962 ullo
1037 2898 1127 2961 modo
1155 2897 1259 2978 posset
1281 2891 1407 2973 inpleri,
1529 2938 1530 2941 ,

277 2995 466 3064 Eoolesiaste
494 3016 615 3083 quoque
644 2999 676 3066 id
705 3002 810 3082 ipsum
839 3000 1079 3083 pronuntiante:
1109 2998 1284 3081 quidest
1309 2996 1407 3078 quod

224 3177 230 3189 ι
277 3100 384 3165 fuit?
404 3102 533 3187 ipsum
556 3103 659 3186 quod
681 3106 759 3169 est:
784 3102 935 3186 etquid
958 3098 1439 3186 estquodfaotumestia

277 3201 406 3286 ipsum
428 3206 529 3289 qnod
552 3205 646 3273 fiet:
676 3208 716 3271 et
745 3224 820 3272 non
851 3207 911 3272 est
933 3224 1043 3271 omne
1071 3222 1208 3269 reeens
1231 3204 1303 3268 sub
1325 3201 1408 3267 sole

290 3393 400 3533 md
423 3391 457 3447 of.
476 3392 544 3446 Gen.
565 3393 632 3459 o,2
753 3392 786 3446 12
809 3392 867 3446 Ioh.
891 3392 916 3455 8,
937 3391 973 3445 44
1092 3390 1127 3444 24
1149 3388 1247 3445 Euclea.
1273 3390 1297 3455 1,
1320 3386 1408 3443 9-10

278 3480 289 3547 (
363 3485 374 3545 )

332 3652 346 3703 1
370 3651 502 3703 nouerant
525 3649 548 3704 0
650 3650 738 3718 magis
754 3648 796 3701 D¹
900 3646 1035 3703 maleficus
1058 3647 1083 3701 V
1183 3647 1201 3700 2
1224 3647 1281 3701 ritu
1304 3645 1341 3701 W

278 3749 330 3803 qno
353 3734 423 3802 eum]
446 3738 500 3803 qua
521 3749 557 3788 oo
579 3748 633 3803 qua
654 3734 684 3789 D
787 3734 804 3786 3
827 3732 984 3787 domistioos
1006 3734 1030 3786 V
1132 3734 1293 3801 dgeneseus
1317 3730 1343 3785 V

278 3820 508 3888 odiopinsatione
530 3819 556 3874 V
648 3819 782 3875 Vdisoere
800 3836 850 3874 om.
871 3818 919 3875 W¹
1014 3819 1173 3873 8suooitari
1189 3818 1232 3873 D¹
1322 3816 1408 3871 senti-

279 3905 347 3961 endo
361 3906 409 3962 W¹
495 3905 655 3959 9obtamue
674 3906 725 3961 ΟΡ
809 3906 842 3959 10
859 3905 1009 3960 literemV
1094 3904 1128 3959 13
1146 3904 1292 3973 pateruios
1309 3901 1338 3957 D

280 3991 314 4046 14
330 3992 497 4059 quaestionis
520 3991 553 4045 V¹
651 3993 683 4045 16
701 3992 783 4046 mudo
806 3992 832 4046 V
925 3992 957 4045 17
976 3991 1049 4047 ouire
1072 3991 1098 4045 V
1189 3990 1294 4043 fimenis
1316 3986 1341 4041 V

279 4077 427 4133 oamaleter
450 4076 484 4131 V¹
583 4079 617 4132 18
633 4078 742 4131 literam
764 4078 790 4132 V
889 4076 921 4131 19
938 4078 1014 4133 onitu
1036 4078 1071 4131 V¹
1171 4076 1206 4131 20
1223 4074 1296 4129 uirili
1316 4072 1338 4129 0

278 4164 404 4231 oouoepto
432 4161 455 4219 O
556 4162 590 4217 22
617 4162 742 4217 amodum
767 4162 798 4216 D
899 4162 933 4216 23
956 4162 985 4217 id
1006 4162 1071 4233 ullo]
1096 4161 1168 4217 idolo
1191 4162 1218 4217 V
1316 4160 1409 4229 posset

282 4248 367 4304 one:
396 4248 483 4318 possit
504 4248 598 4305 VDW
625 4249 757 4317 potuisset
776 4249 825 4303 Xo
917 4249 1015 4318 expleri
1035 4250 1058 4305 O
1147 4247 1183 4302 24
1200 4246 1241 4317 id]
1259 4246 1294 4302 ad
1314 4244 1337 4299 V

279 4335 452 4404 pronuntiate
474 4334 512 4390 W
612 4335 646 4388 26
666 4351 747 4388 umne
768 4335 794 4389 V
