3092 4967
482 438 649 495 Conlatio
673 436 722 504 VI,
742 436 853 493 10-11.
1174 433 1236 499 16'1

105 631 143 693 ot
173 628 355 695 saturari
388 628 426 693 et
458 628 613 694 esurire
647 629 686 694 et
718 626 925 693 abundare
958 629 997 693 et
1027 623 1236 709 penuriam

71 735 195 816 *pati
233 733 362 799 omnia
383 746 540 814 possum
561 730 603 797 in
625 747 667 797 eo
689 731 755 814 qui
777 749 836 796 rue
859 728 1074 796 confortat.

144 870 201 935 XI.
234 870 319 953 Ergo
344 869 420 934 licet
441 867 611 935 dixerimus
639 868 821 952 bipertitam
845 886 911 935 osse
933 868 1180 951 temptationem,
1203 864 1236 931 id

105 979 150 1037 est
170 974 205 1039 in
228 974 320 1039 rebus
344 973 397 1039 uel
418 974 573 1057 prosperis
596 973 649 1038 nel
663 971 813 1057 aduersis,
832 971 994 1037 sciendum
1009 978 1114 1035 tamen
1129 986 1236 1035 omnes

84 1076 246 1143 abomines
268 1076 386 1161 triplici
409 1076 530 1143 ratione
558 1077 724 1159 temptari:
747 1074 931 1159 plerumque
953 1074 992 1141 ob
1008 1068 1235 1158 probationem,

105 1198 337 1263 nonnumquam
352 1179 392 1245 ob
408 1179 670 1259 emundationem,
685 1178 844 1246 interdum
860 1180 899 1245 ob
914 1178 1028 1245 merita
1039 1176 1234 1243 debetorum.

104 1286 134 1348 et
154 1286 193 1351 ob
216 1284 433 1368 probationem
456 1282 583 1367 quidem
597 1284 635 1347 ut
648 1282 777 1349 beatum
792 1281 963 1363 Abraham,
979 1288 1016 1346 ut
1031 1281 1087 1347 Iob
1101 1278 1235 1345 multos-

104 1405 160 1469 que
198 1391 379 1454 sauctorum
411 1387 632 1455 tribulationes
668 1386 851 1452 innumeras
883 1385 1019 1471 legimns
1056 1382 1234 1465 pertulisse,

105 1490 153 1555 uel
189 1490 271 1556 illud
307 1492 389 1578 quod
420 1490 455 1557 in
489 1490 732 1557 Deuteronomio
769 1490 886 1556 dicitnr
919 1490 958 1556 ad
991 1490 1143 1571 populum
1178 1502 1235 1566 per

76 1596 247 1677 rolloysen:
275 1596 315 1660 et
341 1594 623 1660 recordaberis
652 1592 790 1659 cuncti
815 1592 983 1659 itineris
1011 1590 1142 1672 illiue,
1168 1603 1237 1671 per

106 1698 204 1780 qnod
238 1696 401 1764 adduxit
437 1697 476 1761 te
510 1696 693 1762 domiuus
723 1695 814 1763 deus
843 1698 936 1762 tuna
966 1693 1236 1780 quadraginta

105 1801 213 1865 aunis
235 1819 303 1884 per
325 1801 540 1879 desertum,
563 1802 608 1865 ut
629 1798 851 1884 adfligeret
873 1803 910 1866 te
931 1801 1049 1883 atque
1065 1798 1234 1881 tempta·

106 1910 178 1985 ret,
201 1904 240 1968 et
260 1903 356 1969 uota
377 1902 527 1969 fierent
549 1922 645 1987 quae
667 1904 788 1969 intuo
804 1902 1236 1983 auimouersabautur,

106 2011 234 2071 utrum
268 2007 494 2073 custodires
527 2008 712 2077 mandata
745 2008 865 2074 illius
899 2027 946 2075 au
973 2025 1055 2074 nou.
1094 2008 1125 2071 et
1153 2002 1234 2069 illud
1284 2088 1287 2099 Ι

79 2110 183 2190 nequod
213 2111 246 2175 in
276 2110 397 2194 psalmo
426 2111 557 2179 dicitur:
588 2112 754 2195 probaui
777 2115 815 2177 te
838 2110 888 2178 ad
911 2130 1053 2195 aquam
1075 2108 1233 2175 contra·

107 2211 302 2281 dictionis.
344 2214 383 2279 ad
417 2213 473 2279 Iob
508 2232 644 2299 quoqne:
679 2233 724 2279 au
759 2218 877 2298 putas
913 2234 969 2280 me
1003 2212 1081 2279 tibi
1111 2210 1234 2277 aliter

107 2316 280 2383 locutum
302 2336 415 2402 quam
437 2320 479 2383 ut
502 2335 716 2401 appareres
738 2319 894 2385 iustus?
917 2318 955 2384 ob
979 2307 1265 2383 emundationem2

107 2437 184 2497 uero,
229 2440 301 2485 cum
339 2422 437 2486 iustos
472 2438 544 2486 suos
581 2440 636 2505 pro
677 2420 786 2504 paruis
825 2420 1012 2505 quibusdam
1049 2418 1233 2499 lenibusque

106 2522 237 2604 pcccatis
269 2541 325 2587 seu
359 2542 413 2607 pro
447 2524 581 2589 elatione
618 2543 691 2590 suae
718 2526 868 2608 puritatis
898 2522 1067 2591 humilians
1101 2519 1234 2587 diuersis

79 2625 361 2708 atemptationibus
390 2626 500 2708 tradit,
531 2628 569 2693 ut
598 2645 722 2694 omnem
748 2631 871 2695 sordem
894 2626 1121 2713 cogitationum
1143 2627 1175 2689 et
1196 2626 1234 2688 ut

108 2727 208 2794 uerbis
240 2730 410 2813 prophetae
442 2730 545 2795 dicam
582 2732 724 2815 scoriam,
761 2750 856 2815 quam
890 2731 924 2797 in
958 2730 1089 2797 occultis
1125 2746 1232 2795 eorum

108 2832 243 2912 pemidet
271 2852 338 2898 osse
368 2836 553 2910 concretam,
581 2852 752 2919 excoquens
775 2836 809 2900 in
832 2833 988 2918 praesenti
1010 2832 1099 2899 uelut
1120 2849 1233 2900 aurum

108 2950 215 3013 purum
242 2934 350 3002 futuro
379 2937 579 3003 transmittat
610 2940 753 3015 examini,
777 2938 857 3005 nihil
880 2938 915 3003 in
938 2939 982 3003 eis
1004 2935 1138 3003 residere
1161 2953 1230 3018 per-

108 3037 230 3106 mittens
252 3040 335 3123 quod
357 3040 502 3105 scrutans
524 3043 596 3125 post
618 3042 694 3106 haec
716 3041 824 3108 iudicii
846 3042 930 3127 iguis
953 3040 1075 3126 poenali
1091 3038 1231 3105 cruciatu

80 3143 328 3226 sorpurgatnrus
357 3144 509 3224 inueniat,
533 3144 702 3209 secundum
727 3146 822 3213 illud:
850 3146 998 3212 multae
1021 3141 1231 3211 tribulati-

206 3378 238 3433 10
262 3379 345 3435 Dent.
367 3379 429 3445 &2
533 3381 565 3436 15
591 3380 636 3435 Ps.
659 3381 737 3448 aba
843 3384 876 3439 16
901 3382 949 3441 Iob
970 3383 1014 3450 40,
1032 3383 1049 3439 3
1066 3379 1162 3451 (Lxx)

108 3460 370 3529 2101111111,ἳὺ
471 3464 683 3534 remeato

159 3680 172 3733 1
194 3684 284 3737 satiari
306 3683 404 3741 DWO
504 3685 636 3741 abundari
658 3689 700 3743 12¹
729 3688 885 3745 habundare
907 3689 976 3747 WX
1078 3690 1095 3743 3
1117 3688 1156 3745 W
1173 3704 1231 3745 sco

109 3762 247 3837 diam
332 3768 361 3822 id
379 3773 421 3825 sot
438 3786 488 3825 oss
511 3771 535 3827 0
625 3774 798 3829 taciendam
816 3778 857 3831 est
873 3774 1017 3834 DWOXo
1106 3778 1123 3830 6
1140 3790 1231 3830 emun-

109 3849 237 3908 dstioreru
257 3854 335 3911 WOr
363 3857 465 3912 emend.
492 3856 576 3913 VDX
678 3864 847 3930 peccatorum
875 3861 899 3918 0
1000 3862 1016 3917 7
1040 3865 1068 3917 et
1091 3878 1140 3917 oss.
1168 3861 1230 3917 14⁷¹:

109 3936 144 4001 af.
165 3938 199 3991 od
220 3938 427 4008 Ocni-119,1
529 3944 637 4000 abraam
664 3948 703 4004 W
806 3948 960 4018 multusque
987 3948 1021 4004 V*
1124 3951 1141 4003 9
1167 3948 1231 4003 deu·

109 4022 233 4079 tomuumi
250 4025 280 4080 D
384 4029 418 4082 10
433 4044 525 4084 mosen
546 4030 613 4089 VW
709 4034 741 4087 11
760 4032 884 4089 domiuus
902 4036 997 4092 oso-O
1095 4034 1127 4089 12
1145 4034 1231 4103 adque

114 4104 137 4158 V
214 4110 246 4165 14
262 4114 415 4169 custodires
435 4116 463 4171 V
548 4118 580 4171 15
597 4118 668 4188 apud
685 4118 808 4177 DWXo
834 4121 900 4191 aput
917 4136 1001 4191 aquas
1023 4120 1048 4177 0
1134 4121 1166 4175 17
1184 4136 1230 4191 sp·

110 4193 202 4258 peresis
224 4197 250 4251 V
273 4214 402 4268 appareas
428 4202 453 4257 0
555 4204 773 4260 emundationem
797 4204 912 4263 WD'O:
942 4204 1038 4261 euuud.
1054 4206 1097 4263 1)ι
1127 4206 1229 4262 emend.

115 4274 167 4330 VX
253 4285 286 4339 18
302 4285 392 4341 iustus
409 4302 474 4342 suus
498 4288 531 4343 V¹
622 4290 655 4345 al
674 4292 741 4360 proi.
759 4290 790 4346 D
883 4292 918 4347 22
933 4292 1027 4365 puidit
1043 4294 1084 4350 D¹
1114 4292 1231 4363 peruidit

115 4360 160 4415 W*
186 4366 299 4426 uidetO
402 4389 568 4445 exquoquens
590 4375 672 4433 VDO
775 4379 809 4433 25
829 4381 1018 4449 „purgaturus
1039 4380 1078 4439 W
