3092 4967
309 448 371 515 388
696 446 864 500 Iohannis
891 444 1048 501 Cassiani

309 638 404 703 etiam
439 636 570 722 propriis
604 629 675 701 eum
711 636 872 701 conatibus
906 634 1051 717 congredi
1089 635 1238 699 aduersus
1275 633 1427 716 spiritales

308 742 404 806 faciat
422 741 574 832 inimicos,
598 736 766 821 inquibus
790 738 841 803 uel
872 737 1006 823 gretiam
1030 736 1079 803 dei
1101 739 1201 803 uictor
1225 737 1275 802 uel
1296 735 1427 801 ibtirmi·

308 846 409 909 tatem
443 856 531 908 suam
560 836 722 925 'superatus
752 838 922 926 intellegat
951 844 983 907 et
1012 839 1060 906 ita
1089 840 1191 932 discat
1220 839 1280 905 bon
1308 840 1347 904 de
1376 857 1428 904 sua

308 946 503 1024 fortitudine,
534 946 588 1011 sed
618 940 655 1012 de
684 944 791 1010 diuino
817 940 938 1028 seinper
959 939 1084 1028 speraris
1105 942 1255 1029 suffragio
1277 946 1371 1026 atque
1392 943 1427 1008 ad

308 1068 401 1116 suum
434 1048 552 1135 iugiter
582 1064 740 1116 recurrere
761 1052 979 1132 protectorem.
1018 1046 1050 1113 et
1078 1050 1116 1113 ut
1145 1047 1202 1113 boc
1231 1065 1290 1111 non
1324 1050 1456 1110 nostrae

307 1154 495 1235 coniectura,
519 1152 573 1219 ‘aad
603 1152 848 1219 euidentioribus
871 1154 972 1219 adhuc
994 1148 1168 1234 scriptura‘e
1190 1150 1317 1216 diuinae
1341 1153 1427 1215 teeti·
1516 1213 1517 1234 ,

307 1256 420 1323 moniis
437 1258 635 1339 adprobatur,
652 1255 730 1322 illud
746 1258 827 1338 quod
842 1258 874 1321 in
891 1254 961 1320 Iesu
977 1252 1066 1321 Naue
1083 1254 1200 1340 legitor
1211 1253 1425 1319 retractemus:
1516 1267 1517 1316 ι

306 1358 392 1435 has,
422 1355 537 1444 iuquit,
570 1355 707 1444 gentes
738 1352 896 1425 dimisit
924 1361 1108 1425 dominus
1138 1358 1181 1424 ab
1203 1355 1427 1441 disperdere
1516 1405 1517 1412 ι

306 1462 453 1541 noluit,
490 1468 534 1529 ut
570 1464 611 1528 in
648 1462 703 1529 eis
741 1457 994 1547 experiretur
1029 1459 1263 1539 israhelem,
1301 1460 1426 1525 dtrnm

307 1568 535 1633 custodiret
558 1567 743 1632 mandata
764 1563 912 1634 domini
933 1569 994 1632 dei
1017 1567 1096 1643 sui,
1120 1571 1157 1632 et
1179 1563 1456 1630 utbaberentu

276 1670 630 1740 9oousnetudinem
659 1688 741 1734 cum
772 1668 953 1735 hostibus
982 1668 1219 1753 proeliandi.
1260 1671 1293 1733 ct
1322 1670 1357 1731 nt
1381 1666 1426 1730 in·

308 1773 500 1855 conparabili
522 1774 670 1837 creatoris
692 1774 790 1837 nostri
814 1774 997 1839 clementiae
1018 1775 1150 1838 mortale
1165 1770 1284 1854 aliquid
1301 1788 1361 1835 non
1377 1785 1427 1853 pro
1516 1779 1517 1832 t

306 1876 493 1958 aequalitate
526 1874 663 1958 pietatis,
693 1876 746 1940 sed
775 1894 812 1941 ex
841 1875 947 1960 aliqua
975 1876 1189 1961 indulgentiae
1223 1873 1445 1939 similitudine·
1516 1895 1517 1944 3

307 1995 524 2061 conparemus:
555 1978 582 2043 si
612 1978 716 2044 nutrix
745 1977 798 2061 pia
819 1985 913 2062 atque
935 1981 1072 2044 sollicita
1093 1979 1147 2044 din
1167 1978 1337 2061 paruulum
1359 1978 1426 2041 sinn
1516 2047 1517 2054 χ

307 2083 420 2163 gestat,
451 2086 485 2146 ut
508 2081 689 2163 quandoque
718 2078 836 2165 ingredi
860 2080 978 2157 doceat,
1001 2084 1033 2147 et
1055 2086 1189 2164 primum
1212 2081 1337 2163 quidem
1361 2098 1456 2144 soma
1516 2061 1517 2074 ¹

308 2188 429 2266 reptare
450 2186 616 2265 permittit,
640 2182 711 2249 deiri
736 2189 873 2248 erectum
895 2189 932 2249 nt
955 2185 1084 2250 alternis
1115 2186 1255 2266 passibus
1278 2184 1426 2249 innitatur

307 2287 449 2352 dexterae
479 2302 553 2352 suae
582 2284 701 2352 uirtute
723 2292 888 2365 sustentat,
918 2300 990 2352 mor
1012 2287 1177 2371 paululum
1200 2286 1425 2353 dereliotnmsi

306 2390 497 2455 titubantem
527 2390 643 2455 uiderit
671 2392 814 2473 protinus
846 2387 1064 2473 adprehendit,
1095 2392 1258 2456 nutantem
1289 2390 1423 2471 suscipit,

304 2495 427 2578 lapsum
457 2492 551 2574 erigit
582 2495 615 2557 st
636 2493 687 2557 uel
718 2500 802 2559 arcet
823 2511 842 2558 a
864 2512 937 2560 casu
960 2494 1011 2559 uel
1033 2494 1130 2559 etiarn
1152 2492 1296 2560 decidere
1317 2493 1424 2558 leniter

305 2598 412 2661 sineris
435 2597 540 2663 eleuat
563 2601 633 2678 post
655 2599 788 2674 ruinam,
816 2601 888 2662 'cum
911 2602 1017 2663 autern
1040 2617 1112 2662 eum
1134 2598 1174 2662 ad
1197 2598 1362 2679 pueritiam
1376 2594 1453 2659 uela

305 2699 536 2764 adulescentiae
565 2718 602 2764 ao
631 2700 800 2766 iuuentatis
830 2700 1010 2783 perduxerit
1031 2702 1136 2777 robur,
1160 2696 1312 2783 quaedam
1335 2700 1423 2764 etiam

306 2803 441 2883 pondera
469 2802 521 2867 uel
550 2804 671 2868 labores
701 2802 814 2885 quibus
844 2822 905 2869 non
938 2804 1134 2886 obprimatur
1167 2804 1220 2868 sed
1254 2804 1423 2868 exerceatur

304 2904 444 2988 iniungit
471 2906 503 2971 et
529 2924 598 2971 cnm
627 2907 758 2971 aemulis
788 2906 944 2972 decertare
977 2907 1151 2989 permittit:
1184 2908 1301 2990 quanto
1328 2904 1422 2988 mame

306 3006 449 3074 caelestis
482 3009 538 3075 ille
570 3010 709 3075 omnium
742 3016 831 3092 pater
860 3011 946 3076 nonit
979 3029 1072 3093 quem
1101 3011 1173 3075 mnu
1206 3011 1326 3094 gratiae
1354 3022 1422 3073 snae

304 3112 415 3195 gestet,
439 3130 530 3195 quem
553 3110 672 3177 liberae
694 3113 869 3178 uoluntatis
891 3114 1021 3179 arbitrio
1043 3115 1075 3179 in
1091 3116 1257 3197 conspectu
1272 3131 1328 3178 sno
1342 3127 1451 3175 exer-s

305 3218 375 3280 ceat
411 3215 450 3280 ad
487 3215 648 3295 uirtutem,
684 3215 716 3280 et
747 3220 855 3281 tamen
892 3217 1022 3283 adiuuat
1057 3216 1265 3297 laborantem,
1303 3211 1418 3280 exaudit

304 3320 477 3399 uocantem,
502 3330 563 3383 non
585 3318 734 3400 relinquit
756 3324 967 3401 quaerentem,
993 3318 1088 3404 eripit
1110 3320 1148 3386 de
1171 3318 1308 3403 periculo
1327 3319 1418 3385 inter·

305 3422 381 3488 dnm
400 3423 497 3488 etiarn
516 3422 713 3487 nescientem.

406 3601 499 3661 sled.
517 3603 542 3672 3,
563 3596 630 3661 1-’-2
647 3610 677 3661 et
692 3608 718 3671 2,
737 3606 771 3661 22

355 3774 535 3831 ludnersnm
552 3777 602 3832 llo
703 3774 862 3832 tinimions
880 3779 920 3830 Πι
1020 3762 1141 3850 darique
1158 3780 1184 3834 Ο
1285 3778 1415 3835 emuna

303 3880 353 3917 ora
376 3860 484 3917 ll‘l'Oo
585 3860 800 3932 dadprobemne
821 3866 848 3917 ι’
946 3862 1050 3919 hiesum
1073 3864 1102 3918 Σ
1201 3878 1255 3935 pre
1278 3864 1335 3919 iesu
1355 3874 1415 3917 nene

303 3950 329 4000 Y
343 3946 436 4001 taba:
465 3948 524 4017 lege
542 3944 636 4002 diuina
730 3945 904 4018 8inqnid0
999 3941 1079 4004 10‘et
1096 3966 1146 4006 oua
1164 3950 1221 4024 ll=
1280 3949 1312 4004 12
1327 3946 1414 4020 allpult

302 4032 385 4099 Π(Σ)
489 4032 522 4086 13
543 4034 657 4102 pietates
680 4033 720 4085 Πι
820 4022 855 4089 lt
873 4051 929 4103 pro
945 4035 970 4088 si
992 4036 1025 4089 ιιι
1045 4036 1076 4087 Π
1091 4042 1133 4091 eet
1149 4030 1252 4090 rasstm
1268 4020 1414 4089 r-abte

301 4116 398 4175 rorata
474 4118 534 4173 sinn
547 4121 689 4187 paruulum
700 4118 810 4174 urob
891 4120 924 4176 15
935 4124 1060 4190 gestat?
1139 4122 1172 4176 16
1183 4111 1359 4191 petmittett‘

302 4206 399 4261 debinc
421 4203 531 4261 uror
636 4204 666 4260 ll
689 4208 822 4261 sustentet
844 4209 875 4261 at
896 4222 957 4261 mox
979 4199 1117 4278 paniolum
1140 4208 1167 4261 ι’
1266 4208 1300 4263 19
1320 4204 1413 4260 labsum

303 4292 365 4346 ΣΠ
454 4292 541 4361 eremt
559 4290 598 4342 Π1
690 4290 724 4348 21
741 4290 852 4348 adelisa
869 4293 898 4345 ll
990 4294 1142 4349 iuuentutis
1157 4294 1248 4351 mae
1277 4287 1411 4349 inmuta&

304 4380 329 4433 Ο
430 4377 464 4431 27
482 4376 659 4447 relinquidO
