<?xml version="1.0" encoding="UTF-8"?>
<!DOCTYPE html PUBLIC "-//W3C//DTD XHTML 1.0 Transitional//EN"
    "http://www.w3.org/TR/xhtml1/DTD/xhtml1-transitional.dtd">
<html xmlns="http://www.w3.org/1999/xhtml" xml:lang="en" lang="en">
 <head>
  <title>
</title>
<meta http-equiv="Content-Type" content="text/html;charset=utf-8" />
  <meta name='ocr-system' content='tesseract 3.04.00' />
  <meta name='ocr-capabilities' content='ocr_page ocr_carea ocr_par ocr_line ocrx_word'/>
</head>
<body>
  <div class='ocr_page' id='page_1' title='image "./iohanniscassian00petsgoog_0226.png"; bbox 0 0 3092 4967; ppageno 0'>
   <div class='ocr_carea' id='block_1_1' title="bbox 309 458 1047 525">
    <p class='ocr_par' dir='ltr' id='par_1_1' title="bbox 309 458 1047 525">
     <span class='ocr_line' id='line_1_1' title="bbox 309 458 1047 525; baseline -0.007 -7"><span class='ocrx_word' id='word_1_1' title='bbox 309 458 375 525; x_wconf 75' lang='grc'>216</span> <span class='ocrx_word' id='word_1_2' title='bbox 704 458 869 514; x_wconf 73' lang='lat' dir='ltr'><strong>Iohannis</strong></span> <span class='ocrx_word' id='word_1_3' title='bbox 890 458 1047 515; x_wconf 80' lang='lat' dir='ltr'>Cassiani</span> 
     </span>
    </p>
   </div>
   <div class='ocr_carea' id='block_1_2' title="bbox 312 647 1530 3625">
    <p class='ocr_par' dir='ltr' id='par_1_2' title="bbox 396 647 1306 733">
     <span class='ocr_line' id='line_1_2' title="bbox 396 647 1306 733; baseline 0.004 -21"><span class='ocrx_word' id='word_1_4' title='bbox 396 647 452 711; x_wconf 94' lang='lat' dir='ltr'><strong>XI.</strong></span> <span class='ocrx_word' id='word_1_5' title='bbox 475 648 523 713; x_wconf 88' lang='lat' dir='ltr'>De</span> <span class='ocrx_word' id='word_1_6' title='bbox 545 650 611 714; x_wconf 90' lang='lat' dir='ltr'>eius</span> <span class='ocrx_word' id='word_1_7' title='bbox 634 650 687 731; x_wconf 90' lang='lat' dir='ltr'>qui</span> <span class='ocrx_word' id='word_1_8' title='bbox 709 649 828 731; x_wconf 90' lang='lat' dir='ltr'>deoipit</span> <span class='ocrx_word' id='word_1_9' title='bbox 851 650 916 715; x_wconf 89' lang='lat' dir='ltr'>siue</span> <span class='ocrx_word' id='word_1_10' title='bbox 942 652 995 732; x_wconf 90' lang='lat' dir='ltr'>qui</span> <span class='ocrx_word' id='word_1_11' title='bbox 1017 649 1173 733; x_wconf 88' lang='lat' dir='ltr'>decipitur</span> <span class='ocrx_word' id='word_1_12' title='bbox 1196 668 1306 733; x_wconf 90' lang='lat' dir='ltr'>poena.</span> 
     </span>
    </p>

    <p class='ocr_par' dir='ltr' id='par_1_3' title="bbox 380 750 1428 940">
     <span class='ocr_line' id='line_1_3' title="bbox 380 750 1428 840; baseline 0.005 -24"><span class='ocrx_word' id='word_1_13' title='bbox 380 750 454 817; x_wconf 89' lang='lat' dir='ltr'>XII.</span> <span class='ocrx_word' id='word_1_14' title='bbox 476 752 524 817; x_wconf 88' lang='lat' dir='ltr'>De</span> <span class='ocrx_word' id='word_1_15' title='bbox 546 751 768 836; x_wconf 78' lang='lat' dir='ltr'><strong>constipatione</strong></span> <span class='ocrx_word' id='word_1_16' title='bbox 791 752 976 818; x_wconf 89' lang='lat' dir='ltr'>daemonum</span> <span class='ocrx_word' id='word_1_17' title='bbox 1001 756 1032 817; x_wconf 93' lang='lat' dir='ltr'>et</span> <span class='ocrx_word' id='word_1_18' title='bbox 1055 752 1268 838; x_wconf 92' lang='lat' dir='ltr'>inquietudine</span> <span class='ocrx_word' id='word_1_19' title='bbox 1290 772 1382 840; x_wconf 88' lang='lat' dir='ltr'>quam</span> <span class='ocrx_word' id='word_1_20' title='bbox 1401 755 1428 821; x_wconf 90' lang='lat' dir='ltr'>iu</span> 
     </span>
     <span class='ocr_line' id='line_1_4' title="bbox 475 855 943 940; baseline 0.002 -21"><span class='ocrx_word' id='word_1_21' title='bbox 475 855 535 921; x_wconf 91' lang='lat' dir='ltr'>hoe</span> <span class='ocrx_word' id='word_1_22' title='bbox 556 861 624 920; x_wconf 80' lang='lat' dir='ltr'>abre</span> <span class='ocrx_word' id='word_1_23' title='bbox 645 873 768 940; x_wconf 89' lang='lat' dir='ltr'>semper</span> <span class='ocrx_word' id='word_1_24' title='bbox 790 859 943 921; x_wconf 79' lang='lat' dir='ltr'>exercent.</span> 
     </span>
    </p>

    <p class='ocr_par' dir='ltr' id='par_1_4' title="bbox 360 956 1525 1249">
     <span class='ocr_line' id='line_1_5' title="bbox 360 956 1525 1045; baseline 0.003 -22"><span class='ocrx_word' id='word_1_25' title='bbox 360 956 453 1023; x_wconf 84' lang='lat' dir='ltr'><strong>XIII.</strong></span> <span class='ocrx_word' id='word_1_26' title='bbox 474 958 521 1023; x_wconf 86' lang='lat' dir='ltr'>De</span> <span class='ocrx_word' id='word_1_27' title='bbox 557 976 592 1024; x_wconf 89' lang='lat' dir='ltr'>eo</span> <span class='ocrx_word' id='word_1_28' title='bbox 630 960 711 1040; x_wconf 91' lang='lat' dir='ltr'>quod</span> <span class='ocrx_word' id='word_1_29' title='bbox 748 959 1014 1042; x_wconf 79' lang='lat' dir='ltr'>inpugnationem,</span> <span class='ocrx_word' id='word_1_30' title='bbox 1060 978 1153 1042; x_wconf 87' lang='lat' dir='ltr'>quam</span> <span class='ocrx_word' id='word_1_31' title='bbox 1190 978 1263 1045; x_wconf 84' lang='lat' dir='ltr'>erga</span> <span class='ocrx_word' id='word_1_32' title='bbox 1299 962 1429 1027; x_wconf 79' lang='lat' dir='ltr'>homiues</span> <span class='ocrx_word' id='word_1_33' title='bbox 1524 969 1525 1011; x_wconf 61' lang='grc' dir='ltr'><strong>ἓ</strong></span> 
     </span>
     <span class='ocr_line' id='line_1_6' title="bbox 475 1062 1457 1144; baseline 0.002 -18"><span class='ocrx_word' id='word_1_34' title='bbox 475 1062 661 1144; x_wconf 88' lang='lat' dir='ltr'>inpendunt,</span> <span class='ocrx_word' id='word_1_35' title='bbox 684 1062 783 1128; x_wconf 90' lang='lat' dir='ltr'>etiam</span> <span class='ocrx_word' id='word_1_36' title='bbox 804 1065 971 1129; x_wconf 88' lang='lat' dir='ltr'>aduersum</span> <span class='ocrx_word' id='word_1_37' title='bbox 993 1080 1027 1127; x_wconf 88' lang='lat' dir='ltr'>se</span> <span class='ocrx_word' id='word_1_38' title='bbox 1042 1069 1247 1130; x_wconf 90' lang='lat' dir='ltr'>conmoueaut</span> <span class='ocrx_word' id='word_1_39' title='bbox 1262 1064 1457 1130; x_wconf 74' lang='lat' dir='ltr'>contrariare</span> 
     </span>
     <span class='ocr_line' id='line_1_7' title="bbox 476 1166 659 1249; baseline -0.011 -19"><span class='ocrx_word' id='word_1_40' title='bbox 476 1166 659 1249; x_wconf 88' lang='lat' dir='ltr'>potestates.</span> 
     </span>
    </p>

    <p class='ocr_par' dir='ltr' id='par_1_5' title="bbox 334 1268 1432 1455">
     <span class='ocr_line' id='line_1_8' title="bbox 334 1268 1432 1356; baseline 0.001 -22"><span class='ocrx_word' id='word_1_41' title='bbox 334 1268 451 1335; x_wconf 83' lang='lat' dir='ltr'><strong>XIIII.</strong></span> <span class='ocrx_word' id='word_1_42' title='bbox 475 1268 564 1334; x_wconf 84' lang='lat' dir='ltr'>Vnde</span> <span class='ocrx_word' id='word_1_43' title='bbox 597 1269 718 1334; x_wconf 85' lang='lat' dir='ltr'>factum</span> <span class='ocrx_word' id='word_1_44' title='bbox 750 1268 793 1333; x_wconf 91' lang='lat' dir='ltr'>sit</span> <span class='ocrx_word' id='word_1_45' title='bbox 825 1270 862 1334; x_wconf 91' lang='lat' dir='ltr'>ut</span> <span class='ocrx_word' id='word_1_46' title='bbox 895 1270 1088 1353; x_wconf 88' lang='lat' dir='ltr'>potestatum</span> <span class='ocrx_word' id='word_1_47' title='bbox 1121 1288 1176 1337; x_wconf 89' lang='lat' dir='ltr'>scu</span> <span class='ocrx_word' id='word_1_48' title='bbox 1207 1271 1432 1356; x_wconf 78' lang='lat' dir='ltr'>principatuum</span> 
     </span>
     <span class='ocr_line' id='line_1_9' title="bbox 473 1372 1181 1455; baseline 0.001 -17"><span class='ocrx_word' id='word_1_49' title='bbox 473 1373 601 1438; x_wconf 88' lang='lat' dir='ltr'>nomina</span> <span class='ocrx_word' id='word_1_50' title='bbox 622 1372 779 1455; x_wconf 88' lang='lat' dir='ltr'>spiritales</span> <span class='ocrx_word' id='word_1_51' title='bbox 802 1372 962 1455; x_wconf 75' lang='lat' dir='ltr'>nequitiae</span> <span class='ocrx_word' id='word_1_52' title='bbox 983 1373 1181 1441; x_wconf 88' lang='lat' dir='ltr'>sortirentur.</span> 
     </span>
    </p>

    <p class='ocr_par' dir='ltr' id='par_1_6' title="bbox 382 1476 1459 1748">
     <span class='ocr_line' id='line_1_10' title="bbox 382 1476 1432 1561; baseline -0.002 -18"><span class='ocrx_word' id='word_1_53' title='bbox 382 1476 451 1544; x_wconf 92' lang='lat' dir='ltr'>XV.</span> <span class='ocrx_word' id='word_1_54' title='bbox 474 1478 521 1543; x_wconf 87' lang='lat' dir='ltr'>De</span> <span class='ocrx_word' id='word_1_55' title='bbox 550 1495 585 1541; x_wconf 90' lang='lat' dir='ltr'>eo</span> <span class='ocrx_word' id='word_1_56' title='bbox 615 1477 697 1558; x_wconf 91' lang='lat' dir='ltr'>qnod</span> <span class='ocrx_word' id='word_1_57' title='bbox 726 1494 791 1541; x_wconf 90' lang='lat' dir='ltr'>non</span> <span class='ocrx_word' id='word_1_58' title='bbox 820 1476 887 1542; x_wconf 88' lang='lat' dir='ltr'>sine</span> <span class='ocrx_word' id='word_1_59' title='bbox 916 1494 1009 1543; x_wconf 86' lang='lat' dir='ltr'>causa</span> <span class='ocrx_word' id='word_1_60' title='bbox 1042 1478 1161 1543; x_wconf 85' lang='lat' dir='ltr'>sanctia</span> <span class='ocrx_word' id='word_1_61' title='bbox 1193 1476 1432 1561; x_wconf 83' lang='lat' dir='ltr'>caelestibusque</span> 
     </span>
     <span class='ocr_line' id='line_1_11' title="bbox 474 1580 1459 1665; baseline -0.002 -20"><span class='ocrx_word' id='word_1_62' title='bbox 474 1580 648 1645; x_wconf 88' lang='lat' dir='ltr'>uirtutibus</span> <span class='ocrx_word' id='word_1_63' title='bbox 669 1580 853 1663; x_wconf 90' lang='lat' dir='ltr'>angelorum</span> <span class='ocrx_word' id='word_1_64' title='bbox 875 1580 942 1645; x_wconf 91' lang='lat' dir='ltr'>siue</span> <span class='ocrx_word' id='word_1_65' title='bbox 961 1580 1218 1665; x_wconf 82' lang='lat' dir='ltr'>archangelorum</span> <span class='ocrx_word' id='word_1_66' title='bbox 1234 1580 1362 1647; x_wconf 89' lang='lat' dir='ltr'>nomina</span> <span class='ocrx_word' id='word_1_67' title='bbox 1377 1581 1459 1645; x_wconf 83' lang='lat' dir='ltr'>sinte</span> 
     </span>
     <span class='ocr_line' id='line_1_12' title="bbox 475 1682 588 1748; baseline 0.009 -2"><span class='ocrx_word' id='word_1_68' title='bbox 475 1682 588 1748; x_wconf 79' lang='lat' dir='ltr'>indila.</span> 
     </span>
    </p>

    <p class='ocr_par' dir='ltr' id='par_1_7' title="bbox 364 1783 1433 1972">
     <span class='ocr_line' id='line_1_13' title="bbox 364 1783 1433 1871; baseline -0.001 -19"><span class='ocrx_word' id='word_1_69' title='bbox 364 1785 452 1852; x_wconf 90' lang='lat' dir='ltr'><strong>XVI.</strong></span> <span class='ocrx_word' id='word_1_70' title='bbox 476 1787 522 1852; x_wconf 87' lang='lat' dir='ltr'>De</span> <span class='ocrx_word' id='word_1_71' title='bbox 558 1783 748 1852; x_wconf 88' lang='lat' dir='ltr'>subiectione</span> <span class='ocrx_word' id='word_1_72' title='bbox 785 1786 980 1866; x_wconf 84' lang='lat' dir='ltr'>daemonum,</span> <span class='ocrx_word' id='word_1_73' title='bbox 1018 1804 1111 1868; x_wconf 89' lang='lat' dir='ltr'>quam</span> <span class='ocrx_word' id='word_1_74' title='bbox 1149 1787 1213 1853; x_wconf 88' lang='lat' dir='ltr'>suis</span> <span class='ocrx_word' id='word_1_75' title='bbox 1249 1786 1433 1871; x_wconf 90' lang='lat' dir='ltr'>principibus</span> 
     </span>
     <span class='ocr_line' id='line_1_14' title="bbox 477 1888 1100 1972; baseline 0.005 -18"><span class='ocrx_word' id='word_1_76' title='bbox 477 1889 633 1971; x_wconf 79' lang='lat' dir='ltr'>praebent</span> <span class='ocrx_word' id='word_1_77' title='bbox 656 1888 762 1954; x_wconf 85' lang='lat' dir='ltr'>fratris</span> <span class='ocrx_word' id='word_1_78' title='bbox 788 1888 906 1955; x_wconf 82' lang='lat' dir='ltr'>cisione</span> <span class='ocrx_word' id='word_1_79' title='bbox 930 1894 1100 1972; x_wconf 81' lang='lat' dir='ltr'>perspecta</span> 
     </span>
    </p>

    <p class='ocr_par' dir='ltr' id='par_1_8' title="bbox 347 1992 1462 2163">
     <span class='ocr_line' id='line_1_15' title="bbox 347 1992 1434 2079; baseline -0.005 -19"><span class='ocrx_word' id='word_1_80' title='bbox 347 1992 452 2060; x_wconf 82' lang='lat' dir='ltr'><strong>XVII</strong></span> <span class='ocrx_word' id='word_1_81' title='bbox 475 1992 522 2057; x_wconf 91' lang='lat' dir='ltr'>De</span> <span class='ocrx_word' id='word_1_82' title='bbox 552 2010 588 2057; x_wconf 88' lang='lat' dir='ltr'>eo</span> <span class='ocrx_word' id='word_1_83' title='bbox 616 1994 698 2075; x_wconf 90' lang='lat' dir='ltr'>quod</span> <span class='ocrx_word' id='word_1_84' title='bbox 727 1993 859 2077; x_wconf 79' lang='lat' dir='ltr'>singulte</span> <span class='ocrx_word' id='word_1_85' title='bbox 887 1992 1065 2059; x_wconf 87' lang='lat' dir='ltr'>hominibus</span> <span class='ocrx_word' id='word_1_86' title='bbox 1094 1993 1154 2058; x_wconf 91' lang='lat' dir='ltr'>duo</span> <span class='ocrx_word' id='word_1_87' title='bbox 1184 1992 1290 2079; x_wconf 89' lang='lat' dir='ltr'>augeli</span> <span class='ocrx_word' id='word_1_88' title='bbox 1317 2010 1434 2074; x_wconf 83' lang='lat' dir='ltr'>semper</span> 
     </span>
     <span class='ocr_line' id='line_1_16' title="bbox 476 2096 1462 2163; baseline -0.006 -2"><span class='ocrx_word' id='word_1_89' title='bbox 476 2096 670 2163; x_wconf 84' lang='lat' dir='ltr'>adhaereant.</span> <span class='ocrx_word' id='word_1_90' title='bbox 1442 2114 1462 2155; x_wconf 82' lang='lat' dir='ltr'>s</span> 
     </span>
    </p>

    <p class='ocr_par' dir='ltr' id='par_1_9' title="bbox 332 2198 1435 2281">
     <span class='ocr_line' id='line_1_17' title="bbox 332 2198 1435 2281; baseline -0.002 -18"><span class='ocrx_word' id='word_1_91' title='bbox 332 2198 451 2266; x_wconf 89' lang='lat' dir='ltr'><strong>XVIH.</strong></span> <span class='ocrx_word' id='word_1_92' title='bbox 475 2202 522 2265; x_wconf 88' lang='lat' dir='ltr'>De</span> <span class='ocrx_word' id='word_1_93' title='bbox 558 2198 733 2265; x_wconf 77' lang='lat' dir='ltr'>differentia</span> <span class='ocrx_word' id='word_1_94' title='bbox 767 2199 936 2281; x_wconf 84' lang='lat' dir='ltr'>nequitiae,</span> <span class='ocrx_word' id='word_1_95' title='bbox 982 2218 1060 2281; x_wconf 89' lang='lat' dir='ltr'>quae</span> <span class='ocrx_word' id='word_1_96' title='bbox 1097 2199 1238 2265; x_wconf 87' lang='lat' dir='ltr'>aduersis</span> <span class='ocrx_word' id='word_1_97' title='bbox 1274 2198 1435 2281; x_wconf 85' lang='lat' dir='ltr'>spirltibus</span> 
     </span>
    </p>

    <p class='ocr_par' dir='ltr' id='par_1_10' title="bbox 394 2300 1172 2386">
     <span class='ocr_line' id='line_1_18' title="bbox 394 2300 1172 2386; baseline 0.001 -19"><span class='ocrx_word' id='word_1_98' title='bbox 394 2306 399 2316; x_wconf 87' lang='lat'>&#39;</span> <span class='ocrx_word' id='word_1_99' title='bbox 475 2302 569 2381; x_wconf 86' lang='lat' dir='ltr'>inest,</span> <span class='ocrx_word' id='word_1_100' title='bbox 592 2320 647 2385; x_wconf 91' lang='lat' dir='ltr'>per</span> <span class='ocrx_word' id='word_1_101' title='bbox 670 2300 746 2366; x_wconf 90' lang='lat' dir='ltr'>duos</span> <span class='ocrx_word' id='word_1_102' title='bbox 769 2300 969 2386; x_wconf 90' lang='lat' dir='ltr'>philosophos</span> <span class='ocrx_word' id='word_1_103' title='bbox 992 2300 1172 2384; x_wconf 85' lang='lat' dir='ltr'>adprobata.</span> 
     </span>
    </p>

    <p class='ocr_par' dir='ltr' id='par_1_11' title="bbox 312 2399 1436 2592">
     <span class='ocr_line' id='line_1_19' title="bbox 312 2399 1436 2491; baseline -0.002 -18"><span class='ocrx_word' id='word_1_104' title='bbox 312 2399 450 2473; x_wconf 85' lang='lat' dir='ltr'><strong>XVIIII.</strong></span> <span class='ocrx_word' id='word_1_105' title='bbox 474 2401 522 2471; x_wconf 87' lang='lat' dir='ltr'>De</span> <span class='ocrx_word' id='word_1_106' title='bbox 550 2425 585 2471; x_wconf 91' lang='lat' dir='ltr'>ec</span> <span class='ocrx_word' id='word_1_107' title='bbox 613 2407 694 2488; x_wconf 90' lang='lat' dir='ltr'>quod</span> <span class='ocrx_word' id='word_1_108' title='bbox 717 2406 883 2472; x_wconf 86' lang='lat' dir='ltr'>daemones</span> <span class='ocrx_word' id='word_1_109' title='bbox 905 2404 986 2471; x_wconf 90' lang='lat' dir='ltr'>nihil</span> <span class='ocrx_word' id='word_1_110' title='bbox 1009 2409 1160 2471; x_wconf 86' lang='lat' dir='ltr'>aduersus</span> <span class='ocrx_word' id='word_1_111' title='bbox 1182 2404 1328 2471; x_wconf 89' lang='lat' dir='ltr'>homines</span> <span class='ocrx_word' id='word_1_112' title='bbox 1351 2422 1436 2491; x_wconf 77' lang='lat' dir='ltr'>prae</span> 
     </span>
     <span class='ocr_line' id='line_1_20' title="bbox 475 2506 1294 2592; baseline -0.001 -18"><span class='ocrx_word' id='word_1_113' title='bbox 475 2508 610 2587; x_wconf 83' lang='lat' dir='ltr'>ualeant,</span> <span class='ocrx_word' id='word_1_114' title='bbox 634 2506 697 2573; x_wconf 87' lang='lat' dir='ltr'>nisi</span> <span class='ocrx_word' id='word_1_115' title='bbox 719 2526 827 2573; x_wconf 88' lang='lat' dir='ltr'>eorum</span> <span class='ocrx_word' id='word_1_116' title='bbox 852 2506 939 2592; x_wconf 90' lang='lat' dir='ltr'>prius</span> <span class='ocrx_word' id='word_1_117' title='bbox 962 2508 1082 2574; x_wconf 89' lang='lat' dir='ltr'>mentes</span> <span class='ocrx_word' id='word_1_118' title='bbox 1105 2508 1294 2575; x_wconf 80' lang='lat' dir='ltr'>obsederint</span> 
     </span>
    </p>

    <p class='ocr_par' dir='ltr' id='par_1_12' title="bbox 384 2558 1530 2781">
     <span class='ocr_line' id='line_1_21' title="bbox 384 2558 1530 2696; baseline 0 -19"><span class='ocrx_word' id='word_1_119' title='bbox 384 2612 452 2677; x_wconf 87' lang='lat' dir='ltr'>XX</span> <span class='ocrx_word' id='word_1_120' title='bbox 476 2613 685 2695; x_wconf 89' lang='lat' dir='ltr'>Interrogatio</span> <span class='ocrx_word' id='word_1_121' title='bbox 706 2610 745 2675; x_wconf 91' lang='lat' dir='ltr'>de</span> <span class='ocrx_word' id='word_1_122' title='bbox 766 2612 918 2695; x_wconf 87' lang='lat' dir='ltr'>apostatis</span> <span class='ocrx_word' id='word_1_123' title='bbox 941 2612 1070 2696; x_wconf 86' lang='lat' dir='ltr'>angelis,</span> <span class='ocrx_word' id='word_1_124' title='bbox 1101 2614 1155 2694; x_wconf 92' lang='lat' dir='ltr'>qui</span> <span class='ocrx_word' id='word_1_125' title='bbox 1176 2612 1211 2677; x_wconf 87' lang='lat' dir='ltr'>iu</span> <span class='ocrx_word' id='word_1_126' title='bbox 1234 2610 1347 2679; x_wconf 87' lang='lat' dir='ltr'>Genesi</span> <span class='ocrx_word' id='word_1_127' title='bbox 1371 2628 1466 2677; x_wconf 79' lang='lat' dir='ltr'>cumn</span> <span class='ocrx_word' id='word_1_128' title='bbox 1529 2558 1530 2677; x_wconf 80' lang='grc'>1</span> 
     </span>
     <span class='ocr_line' id='line_1_22' title="bbox 477 2713 1193 2782; baseline 0.003 -3"><span class='ocrx_word' id='word_1_129' title='bbox 477 2713 602 2781; x_wconf 86' lang='lat' dir='ltr'>filiabus</span> <span class='ocrx_word' id='word_1_130' title='bbox 624 2715 787 2780; x_wconf 89' lang='lat' dir='ltr'>hominum</span> <span class='ocrx_word' id='word_1_131' title='bbox 810 2713 1011 2781; x_wconf 86' lang='lat' dir='ltr'>concubuisse</span> <span class='ocrx_word' id='word_1_132' title='bbox 1033 2714 1193 2782; x_wconf 86' lang='lat' dir='ltr'>dicuntur.</span> 
     </span>
    </p>

    <p class='ocr_par' dir='ltr' id='par_1_13' title="bbox 367 2817 1065 2902">
     <span class='ocr_line' id='line_1_23' title="bbox 367 2817 1065 2902; baseline -0.003 -17"><span class='ocrx_word' id='word_1_133' title='bbox 367 2817 454 2885; x_wconf 88' lang='lat' dir='ltr'><strong>XXI.</strong></span> <span class='ocrx_word' id='word_1_134' title='bbox 478 2818 621 2885; x_wconf 77' lang='lat' dir='ltr'>Absolut</span> <span class='ocrx_word' id='word_1_135' title='bbox 598 2822 642 2884; x_wconf 88' lang='lat' dir='ltr'>tro</span> <span class='ocrx_word' id='word_1_136' title='bbox 665 2819 803 2901; x_wconf 87' lang='lat' dir='ltr'>proposit</span> <span class='ocrx_word' id='word_1_137' title='bbox 805 2838 840 2885; x_wconf 89' lang='lat' dir='ltr'>ae</span> <span class='ocrx_word' id='word_1_138' title='bbox 863 2821 1065 2902; x_wconf 88' lang='lat' dir='ltr'>quaestionis.</span> 
     </span>
    </p>

    <p class='ocr_par' dir='ltr' id='par_1_14' title="bbox 351 2915 1529 3210">
     <span class='ocr_line' id='line_1_24' title="bbox 351 2915 1437 3007; baseline -0.005 -19"><span class='ocrx_word' id='word_1_139' title='bbox 351 2922 457 2989; x_wconf 89' lang='lat' dir='ltr'><strong>XXII.</strong></span> <span class='ocrx_word' id='word_1_140' title='bbox 480 2915 628 3003; x_wconf 80' lang='lat' dir='ltr'>Oblectio,</span> <span class='ocrx_word' id='word_1_141' title='bbox 662 2922 925 3007; x_wconf 86' lang='lat' dir='ltr'>quemadmodum</span> <span class='ocrx_word' id='word_1_142' title='bbox 961 2925 1065 3007; x_wconf 88' lang='lat' dir='ltr'>generi</span> <span class='ocrx_word' id='word_1_143' title='bbox 1099 2920 1175 2988; x_wconf 84' lang='lat' dir='ltr'>Seth</span> <span class='ocrx_word' id='word_1_144' title='bbox 1209 2940 1279 2988; x_wconf 86' lang='lat' dir='ltr'>cum</span> <span class='ocrx_word' id='word_1_145' title='bbox 1314 2920 1437 2989; x_wconf 86' lang='lat' dir='ltr'>tillabus</span> 
     </span>
     <span class='ocr_line' id='line_1_25' title="bbox 479 3024 1529 3117; baseline -0.004 -26"><span class='ocrx_word' id='word_1_146' title='bbox 479 3024 554 3091; x_wconf 83' lang='lat' dir='ltr'>Cain</span> <span class='ocrx_word' id='word_1_147' title='bbox 568 3026 640 3107; x_wconf 82' lang='lat' dir='ltr'>prol</span> <span class='ocrx_word' id='word_1_148' title='bbox 638 3045 696 3091; x_wconf 87' lang='lat' dir='ltr'>aua</span> <span class='ocrx_word' id='word_1_149' title='bbox 711 3026 879 3091; x_wconf 83' lang='lat' dir='ltr'>conmixtIo</span> <span class='ocrx_word' id='word_1_150' title='bbox 894 3026 965 3091; x_wconf 88' lang='lat' dir='ltr'>ante</span> <span class='ocrx_word' id='word_1_151' title='bbox 987 3024 1192 3093; x_wconf 83' lang='lat' dir='ltr'>Interdictum</span> <span class='ocrx_word' id='word_1_152' title='bbox 1207 3025 1288 3109; x_wconf 85' lang='lat' dir='ltr'>legis</span> <span class='ocrx_word' id='word_1_153' title='bbox 1305 3024 1438 3107; x_wconf 88' lang='lat' dir='ltr'>potuerit</span> <span class='ocrx_word' id='word_1_154' title='bbox 1528 3060 1529 3117; x_wconf 62' lang='lat' dir='ltr'>p</span> 
     </span>
     <span class='ocr_line' id='line_1_26' title="bbox 477 3128 1469 3210; baseline -0.006 -17"><span class='ocrx_word' id='word_1_155' title='bbox 477 3128 626 3210; x_wconf 87' lang='lat' dir='ltr'>inputari.</span> <span class='ocrx_word' id='word_1_156' title='bbox 1447 3145 1469 3187; x_wconf 76' lang='lat' dir='ltr'>a</span> 
     </span>
    </p>

    <p class='ocr_par' dir='ltr' id='par_1_15' title="bbox 331 3228 1440 3419">
     <span class='ocr_line' id='line_1_27' title="bbox 331 3228 1440 3315; baseline -0.003 -18"><span class='ocrx_word' id='word_1_157' title='bbox 331 3231 452 3297; x_wconf 88' lang='lat' dir='ltr'><strong>XXIII.</strong></span> <span class='ocrx_word' id='word_1_158' title='bbox 475 3228 654 3313; x_wconf 85' lang='lat' dir='ltr'>Responsio,</span> <span class='ocrx_word' id='word_1_159' title='bbox 692 3232 774 3315; x_wconf 90' lang='lat' dir='ltr'>quod</span> <span class='ocrx_word' id='word_1_160' title='bbox 812 3230 950 3298; x_wconf 90' lang='lat' dir='ltr'>naturali</span> <span class='ocrx_word' id='word_1_161' title='bbox 987 3232 1055 3315; x_wconf 90' lang='lat' dir='ltr'>lege</span> <span class='ocrx_word' id='word_1_162' title='bbox 1092 3232 1131 3297; x_wconf 92' lang='lat' dir='ltr'>ab</span> <span class='ocrx_word' id='word_1_163' title='bbox 1169 3230 1261 3297; x_wconf 88' lang='lat' dir='ltr'>initio</span> <span class='ocrx_word' id='word_1_164' title='bbox 1299 3231 1440 3298; x_wconf 84' lang='lat' dir='ltr'>homines</span> 
     </span>
     <span class='ocr_line' id='line_1_28' title="bbox 475 3334 1111 3419; baseline 0.002 -20"><span class='ocrx_word' id='word_1_165' title='bbox 475 3335 589 3401; x_wconf 89' lang='lat' dir='ltr'>iudicio</span> <span class='ocrx_word' id='word_1_166' title='bbox 612 3354 668 3401; x_wconf 90' lang='lat' dir='ltr'>seu</span> <span class='ocrx_word' id='word_1_167' title='bbox 689 3352 806 3419; x_wconf 86' lang='lat' dir='ltr'>poenae</span> <span class='ocrx_word' id='word_1_168' title='bbox 828 3336 955 3402; x_wconf 87' lang='lat' dir='ltr'>fuerunt</span> <span class='ocrx_word' id='word_1_169' title='bbox 977 3334 1111 3403; x_wconf 83' lang='lat' dir='ltr'>obnoxii.</span> 
     </span>
    </p>

    <p class='ocr_par' dir='ltr' id='par_1_16' title="bbox 313 3437 1528 3742">
     <span class='ocr_line' id='line_1_29' title="bbox 313 3437 1441 3525; baseline -0.001 -22"><span class='ocrx_word' id='word_1_170' title='bbox 313 3437 452 3505; x_wconf 91' lang='lat' dir='ltr'><strong>XXIIII.</strong></span> <span class='ocrx_word' id='word_1_171' title='bbox 475 3440 522 3505; x_wconf 90' lang='lat' dir='ltr'>De</span> <span class='ocrx_word' id='word_1_172' title='bbox 553 3455 589 3503; x_wconf 91' lang='lat' dir='ltr'>eo</span> <span class='ocrx_word' id='word_1_173' title='bbox 622 3438 704 3521; x_wconf 88' lang='lat' dir='ltr'>quod</span> <span class='ocrx_word' id='word_1_174' title='bbox 736 3438 819 3504; x_wconf 89' lang='lat' dir='ltr'>iuste</span> <span class='ocrx_word' id='word_1_175' title='bbox 849 3440 953 3525; x_wconf 90' lang='lat' dir='ltr'>puniti</span> <span class='ocrx_word' id='word_1_176' title='bbox 986 3444 1060 3506; x_wconf 90' lang='lat' dir='ltr'>sunt</span> <span class='ocrx_word' id='word_1_177' title='bbox 1094 3440 1148 3522; x_wconf 88' lang='lat' dir='ltr'>qui</span> <span class='ocrx_word' id='word_1_178' title='bbox 1183 3440 1256 3504; x_wconf 88' lang='lat' dir='ltr'>ante</span> <span class='ocrx_word' id='word_1_179' title='bbox 1285 3438 1441 3505; x_wconf 90' lang='lat' dir='ltr'>diluuium</span> 
     </span>
     <span class='ocr_line' id='line_1_30' title="bbox 478 3543 691 3625; baseline -0.002 -16"><span class='ocrx_word' id='word_1_180' title='bbox 478 3543 691 3625; x_wconf 87' lang='lat' dir='ltr'>pcccauemnt</span> 
     </span>
    </p>
   </div>
   <div class='ocr_carea' id='block_1_3' title="bbox 313 3863 1527 4453">
    <p class='ocr_par' dir='ltr' id='par_1_17' title="bbox 313 3863 1527 4453">
     <span class='ocr_line' id='line_1_31' title="bbox 367 3863 1442 3936; baseline -0.004 -15"><span class='ocrx_word' id='word_1_181' title='bbox 367 3868 383 3921; x_wconf 89' lang='lat'>1</span> <span class='ocrx_word' id='word_1_182' title='bbox 400 3866 505 3936; x_wconf 81' lang='lat' dir='ltr'>decepit</span> <span class='ocrx_word' id='word_1_183' title='bbox 524 3866 573 3921; x_wconf 89' lang='lat' dir='ltr'>VO</span> <span class='ocrx_word' id='word_1_184' title='bbox 600 3866 737 3935; x_wconf 77' lang='lat' dir='ltr'>decepimr</span> <span class='ocrx_word' id='word_1_185' title='bbox 756 3866 792 3921; x_wconf 84' lang='lat' dir='ltr'>V‘</span> <span class='ocrx_word' id='word_1_186' title='bbox 895 3866 1056 3922; x_wconf 81' lang='lat' dir='ltr'>baduersus</span> <span class='ocrx_word' id='word_1_187' title='bbox 1072 3864 1142 3921; x_wconf 78' lang='grc' dir='ltr'>110Ι</span> <span class='ocrx_word' id='word_1_188' title='bbox 1244 3863 1442 3931; x_wconf 74' lang='lat' dir='ltr'>commoneant]</span> 
     </span>
     <span class='ocr_line' id='line_1_32' title="bbox 313 3951 1379 4023; baseline -0.001 -14"><span class='ocrx_word' id='word_1_189' title='bbox 313 3955 354 4009; x_wconf 82' lang='lat' dir='ltr'>sic</span> <span class='ocrx_word' id='word_1_190' title='bbox 370 3952 471 4008; x_wconf 62' lang='lat' dir='ltr'>meet</span> <span class='ocrx_word' id='word_1_191' title='bbox 488 3952 649 4021; x_wconf 72' lang='lat' dir='ltr'>capitulatio</span> <span class='ocrx_word' id='word_1_192' title='bbox 665 3952 698 4008; x_wconf 75' lang='lat' dir='ltr'>ire</span> <span class='ocrx_word' id='word_1_193' title='bbox 713 3953 745 4008; x_wconf 89' lang='lat' dir='ltr'><strong>X</strong></span> <span class='ocrx_word' id='word_1_194' title='bbox 845 3954 861 4009; x_wconf 83' lang='lat' dir='ltr'><strong>I</strong></span> <span class='ocrx_word' id='word_1_195' title='bbox 879 3954 1061 4023; x_wconf 74' lang='lat' dir='ltr'>principatum</span> <span class='ocrx_word' id='word_1_196' title='bbox 1081 3952 1104 4009; x_wconf 90' lang='grc'><em>0</em></span> <span class='ocrx_word' id='word_1_197' title='bbox 1209 3951 1242 4008; x_wconf 89' lang='grc'>10</span> <span class='ocrx_word' id='word_1_198' title='bbox 1263 3954 1329 4007; x_wconf 75' lang='lat' dir='ltr'>emt</span> <span class='ocrx_word' id='word_1_199' title='bbox 1353 3952 1379 4008; x_wconf 89' lang='grc'><em>0</em></span> 
     </span>
     <span class='ocr_line' id='line_1_33' title="bbox 316 4032 1527 4110; baseline -0.001 -16"><span class='ocrx_word' id='word_1_200' title='bbox 316 4036 351 4095; x_wconf 70' lang='lat' dir='ltr'>it</span> <span class='ocrx_word' id='word_1_201' title='bbox 365 4038 466 4094; x_wconf 73' lang='lat' dir='ltr'>Intra</span> <span class='ocrx_word' id='word_1_202' title='bbox 488 4036 537 4094; x_wconf 86' lang='lat' dir='ltr'>VO</span> <span class='ocrx_word' id='word_1_203' title='bbox 626 4040 743 4108; x_wconf 77' lang='lat' dir='ltr'>perfecta</span> <span class='ocrx_word' id='word_1_204' title='bbox 761 4039 788 4094; x_wconf 94' lang='lat' dir='ltr'><strong><em>V</em></strong></span> <span class='ocrx_word' id='word_1_205' title='bbox 881 4040 915 4095; x_wconf 83' lang='lat' dir='ltr'>lo</span> <span class='ocrx_word' id='word_1_206' title='bbox 933 4055 1000 4110; x_wconf 85' lang='lat' dir='ltr'>quae</span> <span class='ocrx_word' id='word_1_207' title='bbox 1017 4054 1067 4095; x_wconf 72' lang='lat' dir='ltr'>om.</span> <span class='ocrx_word' id='word_1_208' title='bbox 1088 4039 1115 4095; x_wconf 96' lang='lat' dir='ltr'><strong><em>V</em></strong></span> <span class='ocrx_word' id='word_1_209' title='bbox 1206 4038 1323 4094; x_wconf 85' lang='lat' dir='ltr'>aduirsia</span> <span class='ocrx_word' id='word_1_210' title='bbox 1346 4039 1374 4094; x_wconf 92' lang='lat' dir='ltr'><strong><em>V</em></strong></span> <span class='ocrx_word' id='word_1_211' title='bbox 1400 4038 1446 4093; x_wconf 79' lang='lat' dir='ltr'>ad·</span> <span class='ocrx_word' id='word_1_212' title='bbox 1526 4032 1527 4055; x_wconf 58' lang='lat'><em>*</em></span> 
     </span>
     <span class='ocr_line' id='line_1_34' title="bbox 314 4122 1443 4197; baseline 0 -16"><span class='ocrx_word' id='word_1_213' title='bbox 314 4139 408 4181; x_wconf 78' lang='lat' dir='ltr'>ueram</span> <span class='ocrx_word' id='word_1_214' title='bbox 423 4122 482 4180; x_wconf 77' lang='lat' dir='ltr'>bo</span> <span class='ocrx_word' id='word_1_215' title='bbox 578 4124 612 4180; x_wconf 81' lang='grc'>11</span> <span class='ocrx_word' id='word_1_216' title='bbox 629 4124 747 4182; x_wconf 79' lang='lat' dir='ltr'>hlosofos</span> <span class='ocrx_word' id='word_1_217' title='bbox 766 4124 792 4181; x_wconf 85' lang='lat'>0</span> <span class='ocrx_word' id='word_1_218' title='bbox 888 4125 1049 4197; x_wconf 72' lang='lat' dir='ltr'>adprobatur</span> <span class='ocrx_word' id='word_1_219' title='bbox 1064 4125 1109 4180; x_wconf 68' lang='lat' dir='ltr'>D*</span> <span class='ocrx_word' id='word_1_220' title='bbox 1209 4126 1242 4181; x_wconf 79' lang='lat'>19</span> <span class='ocrx_word' id='word_1_221' title='bbox 1258 4126 1335 4195; x_wconf 82' lang='lat' dir='ltr'>prius</span> <span class='ocrx_word' id='word_1_222' title='bbox 1353 4140 1443 4181; x_wconf 81' lang='lat' dir='ltr'>eornm</span> 
     </span>
     <span class='ocr_line' id='line_1_35' title="bbox 318 4210 1446 4281; baseline -0.001 -13"><span class='ocrx_word' id='word_1_223' title='bbox 318 4210 343 4268; x_wconf 87' lang='grc'><em>0</em></span> <span class='ocrx_word' id='word_1_224' title='bbox 444 4211 546 4265; x_wconf 71' lang='lat' dir='ltr'>mutes</span> <span class='ocrx_word' id='word_1_225' title='bbox 562 4212 638 4281; x_wconf 82' lang='lat' dir='ltr'>prius</span> <span class='ocrx_word' id='word_1_226' title='bbox 656 4210 682 4265; x_wconf 90' lang='lat' dir='ltr'><strong><em>D</em></strong></span> <span class='ocrx_word' id='word_1_227' title='bbox 784 4212 936 4269; x_wconf 82' lang='lat' dir='ltr'>obsederint</span> <span class='ocrx_word' id='word_1_228' title='bbox 958 4212 993 4269; x_wconf 84' lang='lat'>0:</span> <span class='ocrx_word' id='word_1_229' title='bbox 1023 4212 1174 4269; x_wconf 77' lang='lat' dir='ltr'>obsiderint</span> <span class='ocrx_word' id='word_1_230' title='bbox 1194 4210 1248 4268; x_wconf 89' lang='lat' dir='ltr'>VD</span> <span class='ocrx_word' id='word_1_231' title='bbox 1351 4212 1387 4269; x_wconf 73' lang='lat'>21</span> <span class='ocrx_word' id='word_1_232' title='bbox 1405 4212 1446 4267; x_wconf 90' lang='lat' dir='ltr'>di-</span> 
     </span>
     <span class='ocr_line' id='line_1_36' title="bbox 314 4294 1444 4367; baseline 0.002 -14"><span class='ocrx_word' id='word_1_233' title='bbox 314 4299 411 4353; x_wconf 67' lang='lat' dir='ltr'>entur</span> <span class='ocrx_word' id='word_1_234' title='bbox 431 4294 473 4351; x_wconf 81' lang='lat' dir='ltr'>D·</span> <span class='ocrx_word' id='word_1_235' title='bbox 574 4295 724 4354; x_wconf 69' lang='lat' dir='ltr'>tomo</span> <span class='ocrx_word' id='word_1_236' title='bbox 825 4298 940 4353; x_wconf 65' lang='lat' dir='ltr'>Meam</span> <span class='ocrx_word' id='word_1_237' title='bbox 963 4297 1005 4353; x_wconf 88' lang='grc' dir='ltr'>1)ι</span> <span class='ocrx_word' id='word_1_238' title='bbox 1107 4296 1444 4367; x_wconf 74' lang='lat' dir='ltr'>ante....inpntuiona</span> 
     </span>
     <span class='ocr_line' id='line_1_37' title="bbox 318 4380 1354 4453; baseline 0 -14"><span class='ocrx_word' id='word_1_239' title='bbox 318 4382 344 4439; x_wconf 90' lang='lat'>0</span> <span class='ocrx_word' id='word_1_240' title='bbox 444 4380 595 4438; x_wconf 69' lang='grc'>1111111110</span> <span class='ocrx_word' id='word_1_241' title='bbox 617 4382 670 4440; x_wconf 88' lang='lat' dir='ltr'>VD</span> <span class='ocrx_word' id='word_1_242' title='bbox 767 4399 852 4453; x_wconf 74' lang='lat' dir='ltr'>poena</span> <span class='ocrx_word' id='word_1_243' title='bbox 869 4382 954 4452; x_wconf 85' lang='lat' dir='ltr'>D(0)</span> <span class='ocrx_word' id='word_1_244' title='bbox 1057 4384 1093 4439; x_wconf 77' lang='lat'>28</span> <span class='ocrx_word' id='word_1_245' title='bbox 1109 4384 1175 4439; x_wconf 86' lang='lat' dir='ltr'>sunt</span> <span class='ocrx_word' id='word_1_246' title='bbox 1190 4382 1220 4437; x_wconf 92' lang='lat' dir='ltr'>hi</span> <span class='ocrx_word' id='word_1_247' title='bbox 1236 4381 1282 4451; x_wconf 88' lang='lat' dir='ltr'>qui</span> <span class='ocrx_word' id='word_1_248' title='bbox 1298 4381 1354 4439; x_wconf 81' lang='lat' dir='ltr'>Do</span> 
     </span>
    </p>
   </div>
   <div class='ocr_carea' id='block_1_4' title="bbox 0 0 1555 4967">
    <p class='ocr_par' dir='ltr' id='par_1_18' title="bbox 0 0 1555 4967">
     <span class='ocr_line' id='line_1_38' title="bbox 0 0 1555 4967; baseline 0 0"><span class='ocrx_word' id='word_1_249' title='bbox 0 0 1555 4967; x_wconf 95' lang='lat' dir='ltr'> </span> 
     </span>
    </p>
   </div>
  </div>
 </body>
</html>
