3092 4967
465 492 626 550 Conlatio
649 491 743 557 XIIII,
769 492 879 549 lh-lti.
1072 523 1078 534 ·
1174 491 1237 558 419

102 685 247 768 primum
272 700 345 766 ergo
366 682 583 747 seminandum
606 681 695 748 nobie
723 682 772 746 est
794 685 832 748 ad
855 681 1021 759 iustitiam,
1052 682 1110 746 hoc
1133 684 1180 747 est
1202 682 1266 747 ut3

102 789 265 854 actualem
287 786 509 870 perlectionem
531 783 675 868 operibus
703 785 846 851 iustitiae
874 803 1092 869 propagemus,
1128 785 1238 851 deinde

101 893 254 959 metenda
287 888 376 954 nobie
406 893 453 954 eet
488 906 559 970 spes
585 891 678 964 uitae,
713 889 744 953 id
776 891 824 954 est
854 888 1011 954 uirtutum
1045 888 1237 972 spiritalium

101 997 228 1060 fruetus
252 993 430 1075 expulsione
452 992 601 1056 uitiorum
624 992 796 1057 ramalium
819 993 1042 1076 congregandi:
1067 997 1098 1058 et
1121 993 1166 1057 ita
1187 993 1236 1056 in·

82 1101 263 1165 eluminare
296 1096 387 1162 nohis
420 1096 526 1162 lumen
561 1095 708 1161 scientiae
742 1099 924 1178 poterimus.
969 1111 1061 1181 quem
1097 1096 1235 1162 ordinem

101 1202 201 1268 etiarn
235 1200 495 1285 psalmographus
527 1201 628 1266 teneri
661 1203 771 1266 dehere
805 1202 943 1266 decernit
971 1202 1092 1267 dioens:
1127 1200 1236 1265 beati

101 1305 353 1372 inmaeulati
381 1306 419 1370 in
447 1306 533 1371 uia:
562 1305 628 1388 qui
657 1304 866 1369 ambulent
894 1305 934 1370 in
962 1306 1050 1387 lege
1072 1304 1234 1369 domini.

100 1410 229 1486 beati,
255 1410 318 1492 qui
341 1410 572 1474 scrutantur
594 1407 832 1472 testimonla
854 1407 949 1473 eius.
973 1425 1034 1473 non
1050 1407 1133 1473 enim
1148 1408 1234 1492 prius

100 1515 198 1578 dixit:
222 1511 349 1590 beati,
372 1513 436 1595 qni
459 1513 691 1578 scrutantur
713 1513 953 1577 testimonia
974 1513 1058 1578 eins
1081 1513 1235 1593 etpostea

71 1618 230 1682 ointulit:
255 1615 362 1682 heati
383 1614 625 1681 inmaeulati
647 1617 685 1680 in
707 1615 787 1694 uia,
812 1617 866 1680 sed
883 1616 969 1698 prius
985 1615 1101 1698 inquit:
1125 1615 1233 1679 beati

98 1720 342 1787 inmaculati
364 1721 404 1785 in
425 1720 506 1797 uie,
530 1737 587 1802 per
613 1720 672 1785 hoe
699 1719 861 1786 euidenter
884 1721 1051 1786 ostendens
1074 1722 1233 1785 neminem

99 1828 186 1891 reete
219 1843 311 1907 posse
345 1823 385 1888 ad
417 1825 643 1906 perscrutanda
671 1825 721 1889 dei
748 1824 932 1890 testimonia
964 1825 1135 1907 peruenire,
1171 1822 1232 1887 nisi

97 1931 188 2011 prius
209 1947 267 2011 per
289 1927 444 1993 actualem
466 1927 732 1993 conuersationem
753 1929 786 1992 in
809 1930 862 1994 uia
884 1926 999 1993 Christi
1023 1927 1232 1993 inmaculatus

97 2032 240 2097 incedat.
284 2030 319 2095 hi
355 2045 428 2113 ergo
464 2047 541 2113 quoe
579 2030 702 2096 dixistis
736 2046 799 2096 non
831 2032 925 2097 istam
961 2049 1057 2114 quem
1089 2029 1264 2098 inmundi4

68 2135 218 2201 rehabere
246 2152 307 2200 non
337 2136 476 2218 possunt,
507 2133 562 2199 sed
591 2127 812 2220 ψευδώνυμον,
843 2135 901 2200 hoc
932 2134 1074 2200 ostfalai
1097 2134 1232 2199 nominis

97 2239 264 2305 seientiam
308 2239 477 2323 possident,
513 2238 552 2303 de
588 2257 649 2322 qna
686 2238 796 2304 beatus
835 2239 1003 2323 apostolus,
1041 2255 1077 2316 o,
1119 2237 1231 2320 inquit,

97 2340 328 2417 Timotheo,
362 2341 590 2425 depositum
623 2341 796 2423 custodi,
830 2342 1014 2406 deuitans
1047 2341 1231 2425 profanas

97 2463 239 2512 uocum
283 2446 489 2511 nouitates
527 2448 567 2509 et
604 2445 879 2529 obpositiones
923 2443 1022 2510 falsi
1058 2443 1231 2510 nominis

98 2548 314 2632 scientiae,
359 2547 441 2631 quod
478 2548 511 2612 in
548 2547 665 2615 Graeco
705 2547 820 2614 dieitur
855 2545 915 2626 τὰς
953 2541 1139 2626 ἀντιθέσεις
1174 2547 1231 2633 τῆς

66 2645 316 2738 »ψευδωνύμου
344 2643 499 2735 γνώσεως.
535 2652 574 2716 de
601 2652 669 2718 istis
696 2671 770 2737 ergo
798 2655 852 2737 qui
880 2657 1047 2739 imaginem
1075 2655 1230 2739 quandam

97 2755 253 2822 scientiae
279 2755 428 2820 uidentur
456 2753 629 2838 adquirere,
658 2757 708 2821 uel
737 2756 776 2822 de
805 2757 854 2823 his
884 2759 937 2841 qui
967 2775 1039 2824 enm
1072 2775 1230 2824 eaororum

96 2859 300 2925 uoluminum
344 2859 474 2923 lectioni
510 2877 547 2923 ac
583 2861 750 2925 memoriae
794 2861 1019 2944 seripturarum
1064 2861 1230 2946 diligenter

95 2963 259 3038 insistant,
289 2961 428 3028 carnalia
455 2965 561 3028 tamen
591 2964 670 3028 uitia
692 2983 753 3031 non
777 2965 970 3049 relinquunt,
994 2968 1027 3030 in
1049 2964 1229 3032 Prouerhiis

94 3068 263 3151 eleganter
291 3065 494 3149 exprimitur:
528 3067 633 3132 sieut
661 3067 813 3133 inauris
847 3086 965 3134 aurea
993 3067 1034 3132 in
1062 3069 1229 3134 naribus

63 3170 200 3248 asnia,
228 3168 289 3235 ita
315 3169 479 3235 mulieri
508 3169 612 3236 male
640 3175 820 3237 moratae
848 3173 1007 3255 speeies.
1046 3172 1121 3255 quid
1145 3175 1259 3247 enim5

93 3273 226 3357 prodest
252 3276 431 3357 qnempiam
454 3276 672 3341 ornamentum
688 3276 882 3360 eloquiorum
897 3274 1077 3341 caelestium
1093 3278 1125 3340 et
1138 3275 1229 3341 illam

93 3376 360 3458 pretiosissimam
389 3377 618 3461 sertpturarum
646 3379 783 3461 speciem
813 3379 968 3462 consequi,
997 3378 1023 3443 ei
1052 3397 1122 3444 eam
1144 3380 1228 3444 lutu-

93 3479 195 3545 lentis
217 3479 363 3562 operihue
386 3480 438 3546 uel
460 3481 602 3548 sensibus
629 3481 819 3548 inhaerendo
842 3482 932 3565 quasi
954 3482 1229 3551 inmundissimam

201 3689 275 3745 ere
289 3690 348 3757 118,
363 3692 430 3748 1—2
518 3693 659 3748 161rim.
673 3693 743 3760 6,20
829 3695 865 3748 24
876 3694 953 3749 Pror.
967 3695 1007 3762 11,
1020 3695 1054 3750 22
1067 3695 1161 3764 (Lxx)

146 3885 379 3955 lipsalmograiue
397 3887 426 3939 Σ
453 3886 672 3957 psalmigraphus
690 3891 716 3942 Φ
817 3889 851 3945 10
868 3891 942 3946 beati
958 3892 1049 3961 inquIt
1067 3892 1173 3963 (inquld
1191 3895 1226 3962 O)

91 3972 123 4022 Π
127 3970 156 4024 0
253 3973 287 4027 13
303 3972 380 4042 priua
397 3973 499 4028 actuali
517 3975 716 4030 conuereatioue
734 3977 760 4028 ‘l'
856 3979 889 4032 14
909 3978 950 4033 hii
966 3980 1031 4031 ΣΠ
1126 3981 1226 4036 histum

90 4074 133 4124 rr
240 4075 275 4129 re
294 4075 504 4145 renonum
526 4077 557 4128 u
582 4064 806 4150 neroniana
829 4082 854 4132 r
960 4082 993 4138 re
1014 4083 1109 4154 inquid
1132 4086 1157 4137 o

91 4160 128 4213 18
140 4160 325 4230 oppositiones
335 4162 399 4214 ΣΠ
487 4163 713 4220 resurretura*
738 4168 922 4222 lnrooeoroll
1012 4171 1225 4241 raclumoeoere

91 4279 125 4318 re
144 4248 497 4334 awrlmtpprtnreeorel’
576 4270 821 4338 corarrptieoimeo
906 4271 1157 4328 23relinount>30

89 4349 127 4403 ht
146 4348 283 4416 eliganter
298 4348 329 4403 11
429 4353 466 4408 25
485 4354 606 4409 mulieris
624 4357 650 4407 Τ
749 4355 784 4410 26
806 4357 928 4427 prodeest
946 4360 971 4411 0
1073 4362 1225 4431 quempIem

90 4452 146 4489 om.
166 4433 196 4484 Σ
296 4441 453 4494 ornamenta
471 4443 496 4493 Τ
595 4441 630 4496 27
649 4441 740 4497 scriht
758 4445 784 4496 Y

1064 4550 1120 4605 27‘
