3092 4967
516 480 677 538 Oculatis
698 480 760 546 111,
778 482 873 536 9-11.
1192 482 1255 549 351

132 673 245 741 uictori
281 670 419 739 conferet
458 669 648 737 firmitatem.
692 671 891 755 quamobrem
919 673 1017 737 donec
1048 672 1168 755 pulsari
1200 675 1285 741 noes

132 779 233 843 carnis
258 774 452 841 conmotione
473 774 635 852 sentimus,
663 774 841 840 nouerimns
863 792 919 840 nos
941 776 981 841 ad
1003 774 1159 841 octusis
1181 792 1256 839 uec-

131 880 207 945 durn
231 877 410 962 peruenisse
432 874 571 959 fastigia,
586 879 639 943 sed
656 876 756 943 adhuc
770 876 829 942 sub
845 876 1029 942 infirmitate
1045 876 1257 942 continentiae

132 980 319 1047 constitutos
340 979 466 1062 proeliis
486 977 623 1063 fatigari,
646 978 680 1043 in
702 978 817 1061 quibus
838 997 960 1045 necesse
978 980 1029 1045 est
1050 978 1161 1045 dubios
1184 996 1254 1043 esse

111 1102 257 1167 asemper
278 1084 419 1148 euentus.
454 1081 535 1165 quod
559 1084 664 1148 autem
692 1082 909 1149 ineuitabilem
937 1102 1005 1149 esse
1026 1082 1256 1149 conmotionera

132 1189 237 1253 cunis
261 1187 319 1253 hoe
341 1187 500 1253 adstruere
521 1184 666 1251 uoluistis
689 1185 813 1265 indicio,
838 1185 919 1269 quod
941 1205 980 1253 ea
1000 1204 1041 1252 ne
1055 1186 1117 1268 ipsi
1132 1184 1256 1268 quidem

131 1290 268 1356 eunuchi
291 1308 396 1355 carere
418 1288 553 1370 demptis
575 1288 765 1372 genitalibus
787 1292 928 1372 possunt,
951 1290 1111 1355 sciendum
1133 1290 1256 1354 estnon

130 1394 177 1459 eis
207 1394 345 1459 cameles
377 1394 482 1457 aestus
511 1410 569 1457 nec
591 1390 736 1457 effectum
762 1392 915 1477 libidinis,
937 1393 993 1458 sed
1015 1393 1113 1459 solam
1136 1392 1256 1457 saliuae

129 1494 344 1582 generationis
375 1496 479 1560 deesse
507 1494 668 1559 uirtutem.
706 1497 790 1561 unde
818 1495 1021 1561 manifestum
1049 1497 1098 1561 est
1124 1514 1164 1560 ne
1184 1490 1288 1559 illos4

99 1599 271 1683 equidem,
293 1601 320 1663 si
342 1598 381 1663 ad
403 1597 484 1663 hanc
506 1598 542 1663 ad
567 1614 660 1679 quam
683 1614 738 1663 uos
764 1598 897 1664 nitimur
919 1598 1098 1665 rastitium
1126 1596 1257 1680 eupiunt

130 1702 306 1787 peruenire,
330 1701 370 1766 ab
391 1699 574 1766 humilitate
596 1701 628 1765 et
650 1700 835 1767 contritione
861 1702 961 1768 cordis
982 1703 1033 1767 uel
1049 1700 1257 1767 continentiae

130 1804 328 1872 districtione
356 1804 468 1870 debere
496 1805 603 1889 lueri,
633 1804 708 1869 licet
736 1822 933 1889 nequaquam
956 1806 999 1870 sit
1020 1804 1257 1872 discredendum

129 1910 254 1974 minore
276 1907 316 1973 ab
338 1907 382 1973 eis
404 1906 621 1973 castimoniam
642 1924 732 1989 posse
752 1908 858 1973 labore
872 1926 909 1974 ae
922 1906 1027 1975 studio
1041 1906 1256 1991 conprehendi.

171 2026 232 2092 XI.
271 2026 476 2109 Quamobrem
511 2027 659 2110 perfectio
704 2028 862 2094 eastitatis
899 2047 919 2094 a
952 2028 1114 2095 laboriosis
1156 2026 1257 2094 conti·

97 2131 259 2197 unentiae
286 2128 472 2196 rudimentis
499 2134 652 2213 perpetua
681 2132 912 2215 tranquillitate
944 2132 1141 2197 discernitur.
1179 2131 1257 2196 haec

129 2234 178 2299 est
207 2233 291 2299 euim
319 2251 410 2298 uerae
437 2235 661 2299 consummatio
689 2236 852 2313 castitatis,
881 2253 961 2319 quae
989 2252 1050 2300 non
1083 2234 1257 2317 inpugnans

129 2335 269 2401 carnalis
305 2336 572 2418 concupiscentiae
606 2340 719 2416 motus,
753 2337 807 2402 sed
840 2340 907 2403 toto
939 2336 1064 2402 horrore
1097 2336 1257 2401 detestans

128 2438 238 2522 iugem
272 2438 365 2521 atque
398 2438 612 2505 inuiolabilem
646 2442 694 2505 sui
727 2440 842 2505 retinet
869 2440 1042 2524 puritatem
1070 2456 1127 2505 nec
1154 2440 1257 2522 potest

129 2541 219 2607 aliud
248 2543 408 2624 quidesse
431 2560 525 2625 quem
550 2542 712 2611 sanctitas.
749 2544 807 2609 hoc
834 2546 939 2608 autem
960 2542 1025 2622 fiet,
1047 2541 1170 2626 quando
1191 2542 1257 2607 iam

96 2646 275 2714 indesinens
304 2664 374 2713 caro
403 2647 551 2714 aduersus
579 2650 724 2731 spiritum
758 2648 974 2731 concupiscere
1003 2647 1162 2713 desideriis
1190 2644 1257 2711 eius

127 2749 307 2833 uirtutique
336 2749 537 2829 consenserit,
561 2754 777 2835 coeperintque
800 2751 861 2818 sibi
885 2751 1019 2817 inuicem
1040 2768 1117 2833 pace
1141 2748 1257 2814 firmis·

128 2854 211 2919 sima
241 2853 394 2918 foederari
417 2854 449 2919 ct
471 2856 641 2919 secundum
668 2854 899 2939 psalmographi
920 2854 1108 2920 sententiam
1130 2852 1257 2919 hubita-

128 2955 236 3021 uerint
273 2956 421 3022 iratres
454 2958 494 3022 iu
529 2975 662 3039 unum,
700 2958 790 3024 illam
826 2960 1047 3041 repromissum
1080 2975 1099 3023 s
1131 2956 1256 3021 domino

128 3060 356 3125 beatitudinem
378 3060 572 3145 possidentes
594 3061 632 3126 de
654 3079 716 3144 qua
737 3063 798 3127 uit:
820 3060 853 3127 si
876 3062 947 3127 duo
970 3078 1013 3126 ex
1034 3058 1147 3125 uobis
1170 3076 1255 3123 con·

96 3160 336 3228 ascuserint
369 3182 486 3246 super
518 3168 665 3229 terram
696 3164 742 3229 de
775 3163 879 3228 omui
906 3181 945 3228 rs
974 3178 1255 3245 quamcumque

129 3262 346 3347 petierint,
376 3264 449 3330 fist
477 3264 568 3331 illis
590 3267 743 3349 epatre
771 3282 853 3331 mco
881 3264 1011 3349 quiin
1040 3263 1162 3328 caelis
1186 3266 1255 3327 est.

129 3368 272 3451 quisquis
294 3387 366 3453 ergo
388 3368 613 3435 intellectualis
634 3368 721 3435 illius
748 3368 853 3450 Iacob,
881 3368 916 3434 id
942 3370 991 3433 est
1012 3365 1286 3449 subplantatorist

130 3472 359 3537 transcenderit
390 3474 533 3557 mudum,
563 3472 602 3539 ab
631 3472 688 3539 illa
722 3472 931 3539 continentiae
965 3468 1193 3536 conluctatione
1220 3486 1256 3535 ac

233 3690 269 3745 23
286 3689 331 3745 Ps.
351 3690 409 3756 132,
428 3691 442 3745 1
544 3692 579 3746 24
596 3692 647 3746 Mt.
667 3693 707 3757 18,
727 3692 759 3747 19

182 3897 278 3963 lpoet
289 3894 445 3949 firmitatem
457 3895 486 3948 iu
503 3894 531 3947 0
546 3910 606 3965 cop.
620 3900 652 3951 11
664 3898 764 3967 incipit
848 3896 1014 3951 dnecoesest
1029 3893 1069 3949 Π·
1154 3898 1256 3950 baem·

132 3994 176 4047 par
192 3994 251 4033 essa
267 3978 298 4031 Π
388 3980 405 4033 ‘l
422 3978 519 4034 demtis
536 3980 566 4032 Σ
592 3981 696 4050 adeptis
715 3982 741 4037 0
831 3982 991 4038 Subactum
1009 3984 1036 4035 Τ
1127 3982 1160 4036 12
1177 3982 1257 4036 desb.

132 4064 254 4120 211an
356 4062 446 4120 deberi
469 4067 497 4118 Σ
598 4082 712 4137 nequam
728 4070 769 4121 Πι
872 4069 906 4124 14
925 4069 1028 4125 Onon
1044 4067 1190 4139 distingo&

134 4149 164 4204 16
189 4166 252 4205 uere
277 4150 333 4204 ΣΟ
430 4150 462 4205 17
487 4152 591 4205 motum
617 4156 643 4205 Y
743 4155 775 4209 18
796 4154 884 4224 adque
906 4156 933 4209 0
1035 4156 1068 4210 19
1092 4156 1182 4208 autem
1204 4168 1256 4208 om.

133 4234 168 4287 11¹
272 4236 307 4290 21
332 4237 448 4292 inuicem
475 4237 528 4291 sibi
555 4238 580 4289 Y
679 4239 713 4293 22
738 4238 933 4311 psalmogresbi
958 4242 988 4293 Σ
1014 4238 1209 4311 psalmigraphi
1232 4240 1259 4290 1·

134 4320 304 4391 pernostra
323 4322 349 4376 0
450 4322 484 4377 26
501 4322 548 4377 tiet
565 4322 622 4377 illis
636 4330 700 4393 post
717 4324 747 4379 in
764 4325 846 4380 ceolis
863 4329 907 4381 est
922 4326 1002 4382 babet
1017 4328 1045 4378 ‘P
1140 4324 1175 4379 ut
1191 4338 1256 4393 sup·

133 4406 215 4475 plaut
233 4408 296 4461 ΣΠ
