3092 4967
282 444 344 510 704
673 438 838 494 lobannis
857 439 1016 494 Cassiani

281 635 317 696 et
340 651 483 715 aspera
498 632 536 698 in
552 629 639 697 nias
654 631 810 713 planas,
827 630 859 696 et
874 634 1037 713 gustantes
1053 633 1205 699 ridebunt
1219 637 1398 718 quoniam

280 735 420 800 suauis
443 739 502 798 est
525 735 718 817 dominus,
749 734 973 818 audientesque
1001 733 1162 802 Christum
1184 737 1218 803 in
1241 740 1398 821 euangelio

280 839 543 920 proclamantem:
575 838 711 904 uenite
740 841 786 906 ad
817 856 873 902 me
901 856 1032 904 omnes
1053 841 1119 920 qni
1140 839 1339 906 laboratis
1362 845 1400 906 et

280 945 433 1009 onerati
457 943 571 1021 estis,
596 947 633 1008 et
656 961 724 1028 ego
746 942 925 1008 reficiam
949 961 1015 1008 uos
1038 942 1186 1026 depositis
1213 944 1401 1026 ponderibus

280 1046 430 1112 uitiorum
454 1065 490 1112 ea
505 1065 582 1128 quae
597 1051 770 1130 sequuntur
785 1046 987 1129 intellegent:
1011 1045 1103 1128 qnia
1123 1046 1255 1130 iugum
1278 1065 1401 1113 meum
1421 1071 1435 1114 e
1525 1076 1526 1083 ¹

152 1237 155 1243 Ι
249 1153 400 1215 5suane
422 1151 481 1214 est
504 1151 542 1214 et
560 1151 977 1216 onusmenmleneest.
1000 1149 1183 1234 babetergo
1201 1149 1402 1234 refrigerium

280 1254 330 1318 uia
352 1253 478 1326 domini,
502 1254 528 1318 si
551 1253 723 1320 secundum
742 1253 844 1336 legem
860 1254 957 1335 ipsius
974 1255 1127 1318 teneatur.
1150 1254 1206 1318 sed
1220 1271 1277 1318 nos
1290 1272 1403 1319 snmus

279 1357 332 1440 qui
362 1355 480 1422 dolores
510 1356 599 1422 nobis
629 1357 723 1440 atque
752 1357 908 1422 tormenta
937 1356 1127 1422 turbulentis
1156 1356 1403 1423 distentionibus

278 1477 486 1541 procuremus,
516 1462 590 1525 dum
620 1461 775 1526 malumus
805 1462 872 1525 uias
901 1460 1018 1526 saeculi
1048 1460 1139 1525 buius
1170 1478 1281 1542 prauae
1305 1460 1403 1542 atque
1525 1468 1526 1551 ξ

279 1581 437 1646 peruersae
461 1564 554 1627 etiam
578 1582 649 1628 cum
671 1579 794 1628 summo
820 1562 1000 1628 discrimine
1022 1581 1058 1628 ac
1073 1559 1260 1626 difficultate
1274 1561 1439 1628 sectarim
1525 1556 1526 1647 J

279 1685 349 1730 cum
382 1683 455 1729 uero
489 1665 545 1731 boe
577 1665 667 1730 modo
696 1683 792 1750 gaus
821 1683 858 1730 ac
887 1665 1002 1730 durum
1031 1663 1119 1730 nobis
1149 1664 1258 1746 iugum
1284 1665 1404 1730 domini

278 1768 451 1846 fecerimus,
482 1767 664 1852 blasphemo
695 1771 757 1834 iam
789 1768 902 1852 spiritu
932 1770 984 1834 uel
1014 1769 1052 1834 de
1081 1768 1177 1850 ipsius
1199 1766 1267 1851 iugi
1288 1768 1341 1832 uel
1363 1770 1404 1833 de

279 1870 396 1936 Christi
424 1871 476 1953 qui
508 1871 586 1936 illud
616 1873 738 1956 inponit
767 1871 885 1937 dudda
914 1872 1007 1954 atque
1036 1871 1203 1954 asperitate
1232 1887 1403 1936 causamur

278 1977 447 2040 secundum
464 1974 562 2040 illud:
586 1974 826 2059 insipientia
847 1975 928 2041 uiri
951 1972 1170 2056 corrumpit
1192 1974 1277 2038 uias
1299 1975 1403 2051 eius,

248 2076 386 2141 lideum
409 2080 540 2140 autem
556 2078 741 2142 causatur
764 2075 981 2158 ourdesuo,
1003 2078 1219 2142 etsecundnm
1235 2077 1440 2160 nggserm

277 2178 459 2263 prophetam
482 2197 553 2244 cum
576 2178 743 2266 dixerimus
774 2178 850 2262 quia
877 2179 943 2244 uia
972 2177 1218 2243 domininon
1240 2175 1402 2262 dirigit,

278 2299 410 2366 congrue
440 2280 526 2345 nobis
556 2280 757 2364 respondetur
785 2298 805 2345 a
836 2280 979 2346 domino:
1008 2279 1194 2362 numquid
1222 2279 1288 2346 uia
1313 2298 1403 2345 mea

277 2403 351 2450 non
373 2383 538 2468 dirigit?
561 2402 684 2450 nonne
700 2385 827 2468 magis
844 2385 934 2449 niae
950 2384 1215 2450 uestraesunt
1231 2382 1401 2465 prauae?
1525 2396 1526 2453 l

277 2488 310 2552 et
338 2508 371 2552 re
400 2507 476 2554 uera
506 2488 534 2552 ei
563 2507 728 2570 conparare
757 2487 895 2553 uolneris
923 2505 1019 2554 suane
1048 2488 1184 2552 olentem
1205 2486 1402 2572 uirginitatis

277 2590 381 2656 florem
405 2593 437 2656 et
459 2593 661 2656 tenerrimam
684 2590 886 2656 castimoniae
908 2591 1080 2672 puritatem
1096 2589 1206 2655 taetris
1220 2609 1257 2655 ac
1272 2589 1438 2660 faetidisro
1525 2614 1526 2617 ¹

196 2719 198 2730 ¹
277 2694 444 2760 libidinum
480 2694 664 2770 uolutabris‚
702 2695 840 2776 quietem
877 2695 1139 2776 securitatemque
1175 2694 1399 2758 monachorum

277 2796 422 2879 periculis
445 2799 476 2860 et
496 2798 651 2862 aerumnis
676 2798 788 2881 quibus
804 2797 912 2862 mundi
931 2796 1023 2863 huius
1038 2797 1179 2864 homines
1195 2795 1400 2878 inplicantur,

276 2901 470 2984 paupertatis
504 2905 625 2966 nostrae
659 2901 798 2984 requiem
835 2901 982 2967 edacibus
1014 2901 1150 2966 diuitum
1186 2901 1329 2966 tristitiis
1361 2917 1401 2964 ac

276 3003 481 3086 peruigilibus
504 3005 596 3080 curis,
619 3006 651 3068 in
673 3003 788 3087 quibus
810 3023 871 3070 non
893 3003 1009 3088 absque
1023 3004 1246 3070 summonitus
1260 3003 1398 3087 periculo

276 3106 385 3172 diebus
415 3125 450 3172 ac
480 3107 622 3173 noctibus
645 3109 881 3181 consumuntur,
904 3108 1127 3174 suauissimum
1149 3107 1258 3191 iugum
1281 3105 1433 3178 Christi„

276 3227 415 3292 onusque
437 3210 630 3276 leuissimum
654 3211 805 3278 facillime
827 3209 1044 3294 conprobabis.

318 3312 433 3380 XXVI.
457 3313 589 3380 Proinde
620 3315 714 3380 etiam
737 3314 794 3382 illa
815 3315 979 3380 retributio
1001 3315 1219 3398 praemiorum,
1247 3332 1308 3396 qna
1328 3332 1398 3395 per·

278 3415 357 3480 fecte
381 3416 628 3482 renuntiantibus
651 3419 683 3482 in
706 3417 765 3482 hac
779 3418 849 3482 uita
863 3418 1045 3502 centuplum
1059 3417 1395 3498 deminuerepromieit

379 3604 552 3672 reseas
645 3604 842 3671 ene.11‚ns
933 3605 1081 3662 eneae
1173 3601 1397 3670 septenae

275 3689 370 3757 ‹axx›
476 3691 507 3745 ro
526 3691 617 3745 nisce.
638 3691 678 3754 18,
695 3692 729 3746 nn
748 3691 843 3758 (ixx)
947 3690 980 3746 ru
998 3692 1017 3744 r.
1034 3707 1057 3746 e
1075 3688 1170 3760 (nux)

326 3862 342 3915 1
360 3863 495 3931 quoniam]
514 3877 570 3916 aoso
584 3865 617 3918 ia
636 3863 659 3918 Ο
676 3864 792 3918 monuit
893 3863 912 3916 4
932 3861 1056 3916 honerati
1074 3861 1138 3916 13¹0
1238 3861 1396 3914 tencantur

277 3946 326 4000 ΟΖ
413 3947 529 4001 denaus
546 3951 587 4002 eet
605 3952 633 4002 et
650 3947 718 4002 BF:
748 3963 830 4002 suane
846 3951 875 4002 et
893 3947 959 4016 Oto
1044 3946 1132 4000 honus
1147 3945 1187 4000 13¹
1278 3943 1396 4012 astque

275 4031 302 4085 Β
389 4035 420 4088 11
440 4032 517 4088 nubis
534 4050 565 4087 ac
581 4033 675 4088 durum
694 4033 741 4088 Ze
828 4034 861 4087 12
877 4031 1032 4102 plasphemo
1048 4031 1076 4086 Β
1103 4031 1233 4087 blasfemo
1249 4030 1331 4086 ΕΟΖ

275 4119 308 4172 13
325 4117 410 4186 adque
428 4119 456 4172 B
541 4119 681 4188 supinitate
697 4120 728 4175 F
816 4119 849 4174 lb
865 4117 1003 4174 dominum
1019 4117 1079 4173 Ba*
1159 4119 1189 4172 at
1206 4131 1256 4172 cn.
1275 4116 1333 4173 BF

274 4218 389 4272 aggeum
416 4203 494 4258 meld
604 4206 634 4260 17
662 4205 832 4274 responditur
858 4205 897 4259 Βι
1000 4205 1032 4260 19
1059 4219 1141 4259 mue
1165 4203 1283 4259 olentem
1308 4201 1395 4257 aar:

273 4287 455 4354 splendentem
477 4289 544 4344 OZc
645 4292 680 4346 20
703 4291 885 4360 tenerrimi
907 4306 990 4348 suaua
1009 4290 1126 4346 dentem
1148 4287 1216 4344 020
1317 4288 1394 4344 tetris
1525 4324 1526 4327 η

273 4371 356 4427 ΒΘΖ
456 4375 546 4428 fetidis
564 4375 641 4430 codd.
743 4377 777 4431 27
795 4376 860 4445 quia
876 4377 905 4431 Ζ
1525 4330 1527 4401 l
