3092 4967
287 470 351 539 182
678 464 844 522 lobannis
862 464 1021 522 Cassiani

286 660 407 745 profuit
438 658 588 726 didicisse
619 658 701 741 quod
737 676 896 723 summum
932 658 991 733 est,
1024 656 1051 721 si
1086 654 1248 741 cognitum
1280 660 1410 738 nequeat

286 763 500 847 adprehendi?
528 778 600 827 uam
628 780 701 828 cum
728 761 933 828 directionem
963 760 1065 825 cerdis
1092 761 1131 825 ad
1159 758 1318 825 destinata
1342 778 1410 842 por·

285 867 414 933 undere
427 865 627 946 senserimus,
643 863 872 932 insensibiliter
891 882 979 930 mens
993 863 1067 929 inde
1081 864 1225 929 reuoluta
1239 863 1278 928 ad
1294 861 1410 944 priores

286 969 486 1055 euagetioues
514 969 624 1052 inpetu
653 966 885 1035 uehementiore
913 966 1088 1051 prolabitur
1116 967 1149 1032 et
1174 966 1221 1032 ita
1249 966 1411 1031 cotidianis
1530 1030 1531 1035 ,

286 1070 526 1139 munenibus
559 1072 712 1153 occupata
746 1069 920 1136 innumeris
955 1068 1189 1153 captiuitatibus
1221 1069 1441 1135 incessanters
1530 1064 1531 1137 3

285 1174 462 1259 abducitur,
489 1177 527 1240 ut
548 1174 772 1258 propemodum
794 1172 857 1239 iem
881 1174 1062 1257 desperetur
1084 1190 1103 1239 a
1123 1171 1214 1239 nobis
1236 1172 1412 1237 desidente

254 1276 437 1344 beorrectio
457 1280 490 1343 et
510 1276 669 1361 superflua
688 1276 765 1342 laec
779 1275 979 1343 obseruantia
993 1276 1148 1342 uideatur.
1188 1274 1344 1358 siquidem
1358 1292 1413 1358 per

285 1385 445 1448 nements
466 1379 591 1465 singule
611 1379 742 1447 lubricis
763 1379 955 1447 discursibus
978 1379 1103 1445 suimus
1118 1380 1269 1463 emgatus
1283 1395 1357 1445 oum
1372 1378 1411 1442 sd

285 1482 432 1550 timorem
454 1484 504 1550 dei
526 1484 578 1550 nel
599 1484 893 1568 contemplationem
915 1483 1078 1550 reducitur
1099 1482 1286 1567 spiritalem,
1308 1481 1412 1566 prius·

285 1605 379 1671 quem
400 1588 544 1653 firmetur
565 1587 599 1653 in
622 1605 667 1667 ea,
689 1603 815 1654 rursum
835 1586 979 1673 fugacius
1001 1585 1170 1664 accumbit,
1193 1603 1326 1668 cumque
1341 1603 1442 1671 eumne

285 1689 378 1759 uelut
405 1692 613 1775 expergefacti
645 1691 940 1775 deprehenderimus
973 1692 1014 1760 ab
1046 1690 1221 1757 intentione
1254 1688 1413 1772 preposite

286 1792 430 1861 temese
452 1798 546 1877 atque
569 1795 610 1861 ed
631 1796 721 1861 illam
741 1795 895 1863 theoriam
920 1796 1003 1863 unde
1026 1794 1211 1862 discesserat
1231 1792 1413 1859 reducentes

285 1896 479 1965 uoluerimus
500 1916 573 1965 eum
594 1898 794 1965 tenacissima
815 1900 914 1967 cordis
932 1899 1107 1965 intentione
1122 1898 1211 1965 uelut
1225 1895 1414 1979 quibusdem

285 2000 423 2067 uncus
449 2001 599 2086 obligare,
627 2002 661 2068 in
689 2004 757 2084 ipso
779 2002 892 2070 conatu
914 2003 1020 2069 nostro
1043 2001 1128 2069 ocius
1154 2018 1250 2085 quam
1272 1998 1413 2082 anguilla

254 2102 326 2171 cue
347 2104 518 2171 recessibus
540 2106 656 2172 mentis
678 2106 822 2173 elabitur.
856 2108 896 2174 ob
917 2124 1012 2189 quam
1033 2124 1100 2171 rem
1123 2103 1288 2171 cotidianis
1303 2102 1445 2171 buius-u
1530 2190 1531 2193 Ἴ

287 2207 374 2273 modi
401 2207 669 2276 obseruationibus
698 2211 878 2277 aestuantes
905 2228 963 2275 neo
992 2214 1098 2275 tamen
1123 2227 1160 2273 ex
1181 2206 1260 2291 ipsis
1284 2206 1413 2288 aliquod
1531 2244 1532 2247 =

286 2310 395 2377 nostro
427 2312 513 2377 cordi
545 2311 730 2380 stabilitatis
762 2313 857 2379 robur
885 2312 1053 2379 accmsisse
1074 2311 1237 2379 cernentes
1267 2308 1307 2376 ed
1331 2309 1414 2375 banc

286 2412 460 2498 opinionem
493 2414 586 2484 fracti
618 2416 834 2498 desperatione
866 2414 1107 2493 transducimur,
1140 2416 1178 2481 ut
1213 2430 1277 2479 nou
1306 2416 1413 2478 nostro

284 2516 361 2593 iam,
384 2518 438 2585 sed
452 2519 584 2585 naturae
596 2519 676 2586 uitio
691 2518 748 2585 bae
763 2518 886 2587 animae
899 2518 1140 2603 peruagationes
1155 2517 1290 2583 burnauc
1306 2516 1415 2600 generi
1530 2530 1531 2559 l

284 2620 385 2685 noae
407 2622 578 2688 eumn
1423 2634 1447 2677 e

328 2740 407 2808 IIII.
431 2759 597 2810 sensusve:
616 2742 814 2809 Periculosae
826 2742 1090 2826 praesumptionis
1106 2744 1154 2809 est
1168 2740 1303 2807 necdum
1318 2740 1415 2808 rebus
1529 2798 1530 2801 ,

285 2844 370 2909 recte
393 2844 539 2911 discussis
561 2862 619 2911 neo
640 2849 726 2912 certe
747 2847 868 2912 ratione
895 2846 1026 2912 collecta
1046 2846 1085 2911 de
1106 2846 1222 2913 uatma
1244 2844 1414 2911 cuiuslibet
1529 2826 1530 2851 ¹

284 2947 332 3013 nei
354 2964 556 3032 praepropere
585 2948 714 3014 definire
735 2967 772 3015 ec
796 2952 834 3015 de
857 2950 1102 3016 consideratione
1130 2948 1315 3035 inegilitatis
1338 2966 1413 3014 suae

286 3066 397 3135 capere
419 3051 638 3137 coniecturam,
660 3071 722 3118 nou
743 3052 782 3118 de
797 3054 884 3119 statu
900 3056 932 3119 et
946 3052 1099 3139 qualitate
1113 3052 1212 3138 ipsius
1227 3052 1412 3136 discipliuae
1528 3092 1529 3147 l

286 3154 339 3220 uel
366 3154 405 3219 de
433 3154 566 3221 aliorum
588 3156 777 3240 experientia
801 3156 938 3240 prolerre
959 3156 1160 3225 sententiam.
1197 3174 1255 3223 neo
1276 3157 1363 3223 enim
1386 3158 1448 3222 sies

286 3258 356 3341 quis
378 3259 507 3325 natandi
529 3259 667 3344 ignarus,
689 3260 788 3326 sciens
803 3262 923 3343 pondus
945 3262 1082 3344 corporis
1104 3262 1154 3326 sui
1168 3260 1245 3327 ferri
1259 3278 1413 3344 aquarum

287 3361 409 3444 liquore
431 3379 492 3429 non
513 3380 612 3446 posse,
635 3362 845 3445 experimento
868 3380 941 3429 suae
955 3362 1093 3430 uoluerit
1106 3363 1269 3446 inperitiae
1285 3363 1415 3429 tannim

285 3464 441 3530 neminem
462 3465 589 3548 penitus
610 3481 699 3550 posse
721 3464 850 3547 liquidis
874 3466 1037 3533 elementis
1056 3466 1157 3532 solide
1171 3485 1265 3534 cerne
1279 3469 1413 3534 circnm-

338 3750 502 3807 reserem
520 3752 570 3809 ν·
660 3752 792 3810 seces.
809 3753 922 3812 mex
1009 3754 1299 3813 terrentemque
1385 3757 1413 3811 tn
1526 3716 1527 3775 ³

285 3838 435 3893 innumeris
455 3838 524 3895 Π
611 3839 742 3910 ddisper.
758 3840 800 3895 D¹
889 3841 1056 3912 Benagetur
1071 3841 1157 3898 DOP
1240 3842 1319 3899 9uel
1336 3844 1417 3899 st

285 3924 343 3979 PX
428 3922 464 3978 10
479 3922 603 3993 fugatim
617 3924 673 3980 VX
700 3926 815 3996 fugam
831 3925 863 3980 D
949 3926 982 3983 12
999 3926 1086 3999 adque
1101 3928 1155 3985 VP
1237 3928 1271 3985 ad
1289 3945 1342 3985 oar.
1362 3930 1414 3985 Ψ*

284 4010 314 4066 P
380 4008 569 4065 redeuntesV
643 4010 868 4069 nemeaeum
884 4012 924 4068 D¹
1001 4014 1037 4070 14
1052 4013 1211 4083 ellipareO
1283 4018 1415 4089 anpuplle
1525 4008 1526 4038 ³

289 4095 315 4151 V
392 4094 427 4149 lt
443 4092 539 4149 cottid.
555 4094 626 4153 DW
707 4096 845 4153 licendis
860 4098 930 4155 ΨΟ
1006 4100 1131 4157 ruborV
1154 4100 1347 4161 roburD¹PX

286 4190 320 4245 18
335 4189 432 4258 diapee
449 4189 559 4247 D¹WP
656 4191 688 4248 21
711 4193 941 4263 praesumptiones
963 4195 1004 4250 1)ι
1106 4196 1140 4253 22
1165 4196 1284 4255 decussa
1302 4199 1345 4254 D¹

283 4283 319 4340 23
343 4298 490 4382 preponere
519 4283 556 4342 0²
661 4285 696 4343 nt
721 4287 755 4343 de
781 4287 866 4358 stetu]
893 4288 995 4345 dietate
1020 4290 1062 4345 D¹
1165 4292 1199 4347 26
1225 4292 1293 4347 terre
1321 4294 1346 4349 O

283 4387 317 4441 21
334 4385 464 4457 liqoreO
565 4390 600 4445 28
617 4392 723 4461 penitus
739 4392 782 4448 D¹
884 4392 1021 4449 elimentis
1041 4393 1094 4449 VP
