3092 4967
547 456 707 513 Contutio
725 455 758 519 V,
775 456 852 511 3-4.
1200 456 1264 525 123

135 647 228 713 etiem
250 647 416 733 castigatio
438 646 608 730 corporalis
629 648 804 725 uouemerit,
827 662 906 730 quse
929 646 1064 722 ieiuniis,
1087 644 1206 729 uigiliis
1229 649 1262 711 et

133 751 235 835 operis
257 750 446 817 contritione
466 750 634 834 perficitur,
662 749 773 833 hisque
801 749 898 816 fuerit
919 749 1052 815 remotio
1073 751 1181 816 locetis
1204 750 1261 815 ed-

132 856 248 934 iunotc,
276 855 352 939 quie
380 854 462 921 sicem
493 854 656 921 amborum
678 854 767 937 uitio,
799 854 832 919 id
855 854 904 919 est
926 855 1049 919 suimus
1071 857 1104 918 et
1125 852 1261 936 eorporis

132 960 331 1042 generentur,
359 958 407 1025 its
435 956 574 1041 superari
605 956 669 1023 nisi
700 958 865 1041 utriusque
887 958 993 1025 labore
1016 974 1077 1022 non
1099 960 1259 1039 poterunt.

112 1063 165 1126 eet
184 1060 264 1127 licet
287 1062 397 1129 boetus
417 1061 577 1144 spostolus
593 1061 699 1126 omnis
712 1061 794 1126 uitio
808 1060 997 1143 generaliter
1008 1059 1291 1144 pronuntiaueritt

131 1180 196 1229 cese
217 1165 368 1244 mmsiic,
390 1164 544 1248 siqnidem
566 1163 748 1229 inimicitius
771 1168 803 1229 et
824 1164 887 1229 ires
910 1167 1004 1246 etque
1021 1164 1161 1230 haereses
1177 1164 1260 1228 inter

130 1268 233 1334 cetere
254 1269 357 1335 curnis
380 1286 473 1351 opere
493 1267 715 1345 numereuerit,
737 1285 795 1333 nos
818 1271 926 1333 tumen
941 1268 981 1332 od
997 1266 1126 1332 illorum
1142 1268 1260 1333 curcti-

130 1388 200 1437 onee
220 1372 319 1455 etque
339 1374 469 1437 neturus
488 1370 673 1456 diligentius
694 1370 887 1453 colligendos
910 1370 1028 1454 duplici
1049 1388 1087 1437 eu
1108 1369 1259 1436 munione

129 1474 366 1558 distinguimus.
403 1493 477 1540 uem
508 1492 545 1540 ex
576 1474 626 1540 tis
662 1474 817 1557 qncedem
845 1474 976 1541 dicimm
1011 1493 1077 1541 esse
1111 1474 1258 1559 cornelio,

99 1579 283 1660 uqmedcm
304 1596 379 1645 uero
400 1577 563 1661 spiritalis.
601 1577 635 1643 et
654 1578 711 1643 illc
732 1578 860 1660 quidem
882 1578 1030 1659 camelis,
1047 1597 1126 1662 quus
1140 1578 1258 1661 specie-

129 1680 199 1746 liter
225 1684 267 1747 ud
296 1681 398 1747 fotum
427 1698 617 1762 sensumque
646 1681 804 1763 portinent
830 1682 942 1764 curnis,
977 1681 1090 1765 quibus
1119 1682 1176 1749 illu
1212 1681 1259 1747 itu

127 1784 301 1851 delectetur
323 1803 361 1851 so
381 1784 528 1868 pasoitur,
548 1785 587 1849 ut
600 1784 697 1850 etiem
711 1784 835 1867 quietos
850 1785 963 1851 incitet
984 1789 1106 1851 mentes
1122 1784 1255 1853 inuitus-

128 1906 185 1969 que
207 1906 261 1955 ene
284 1906 517 1971 nonnumquam
539 1889 702 1971 pertrahet
724 1888 764 1955 ed
785 1906 860 1955 enee
881 1890 1058 1956 uoluntatis
1081 1892 1255 1957 adsensum.

127 1990 302 2075 dequibus
324 1993 436 2059 boetus
462 1994 620 2075 spostolus
649 1994 688 2059 iu
709 1992 872 2074 quibus,
895 1993 951 2072 eit,
975 1998 1013 2059 et
1035 2012 1100 2059 uos
1122 1996 1289 2063 omnent

99 2095 340 2178 netiqnundo
374 2095 607 2163 conuerseti
642 2114 777 2161 eumue
806 2094 846 2159 iu
877 2094 1092 2161 desideriis
1127 2096 1257 2162 cernis

127 2200 305 2276 nostrae,
335 2199 535 2266 incientes
564 2200 819 2267 uoluntatem
849 2201 978 2265 cernis
1000 2202 1041 2265 et
1062 2201 1256 2284 cogiteti-

126 2320 257 2383 ouum,
286 2308 324 2367 et
353 2322 512 2371 eremus
539 2304 684 2370 nature
710 2303 800 2369 tilii
828 2303 912 2369 irus
933 2304 1037 2369 sicut
1059 2306 1096 2369 et
1119 2304 1254 2369 ceteri.

126 2405 285 2487 minitatio
306 2424 379 2473 uero
400 2406 547 2493 dicimus,
575 2425 653 2489 quoe
675 2406 832 2473 instinctu
855 2407 977 2473 enimse
999 2407 1096 2473 soline
1111 2408 1180 2473 ortu
1193 2424 1255 2473 uon

125 2508 227 2573 sulum
249 2509 331 2574 nihil
352 2510 524 2592 uoluptatis
546 2508 711 2577 conferunt
730 2508 829 2587 cerni,
858 2510 913 2575 sed
936 2509 1033 2575 etium
1056 2510 1253 2594 grauissimis

95 2628 190 2676 neum
227 2612 434 2696 languoribus
470 2611 648 2678 adiicientie
691 2612 886 2679 miserrimus
922 2612 1127 2680 iucunditatis
1162 2614 1255 2695 postu

125 2713 267 2780 unimam
288 2716 413 2781 tuntum
436 2717 584 2781 nutriunt
598 2718 824 2801 aegrotantem.
859 2720 892 2783 et
907 2716 1021 2783 idcirco
1036 2716 1114 2783 hoec
1128 2716 1255 2809 quidem

125 2815 265 2899 simplici
294 2817 396 2885 cordis
423 2818 566 2905 indigent
587 2818 751 2903 medicine,
780 2837 858 2903 qnue
884 2821 990 2886 autem
1013 2819 1150 2885 cumulis
1171 2823 1254 2902 suut,

125 2937 183 2984 non
205 2918 273 2985 niei
287 2921 406 3004 duplici
420 2923 683 3004 quemadmodum
702 2922 837 2989 diximus
852 2924 892 2988 ud
908 2924 1079 2989 senitetem
1095 2924 1255 2989 curatione

124 3025 323 3105 perueniunt.
359 3026 442 3091 nude
468 3025 602 3109 puritati
629 3024 830 3092 studentibus
857 3026 1032 3109 plurimum
1061 3025 1191 3111 confert,
1221 3027 1255 3091 ut

95 3124 234 3193 cherum
257 3128 430 3193 eumalium
453 3129 632 3211 passionum
654 3130 739 3213 ipses
761 3130 908 3195 meterius
930 3129 990 3195 sibi
1014 3129 1160 3213 primitus
1182 3128 1254 3194 sub-

123 3229 264 3309 trehent,
294 3229 408 3313 quihus
440 3234 544 3314 potest
571 3233 624 3297 nel
652 3233 771 3299 ocoueio
801 3232 853 3299 uel
880 3230 1051 3298 reconditio
1086 3230 1253 3297 eorundem

122 3332 305 3415 passionum
326 3335 502 3419 aegrotanti
518 3335 620 3402 edhuc
634 3337 757 3403 enimus
772 3337 925 3421 geneturi.
960 3351 1083 3401 necesse
1105 3338 1153 3399 est
1169 3333 1284 3400 enimti

124 3438 161 3499 ut
181 3434 294 3502 morbo
316 3436 436 3521 duplici
457 3438 572 3521 duplex
593 3436 780 3504 adhibeatur
803 3436 932 3505 curatio.
969 3454 1044 3503 uum
1068 3437 1198 3520 corpori,
1214 3456 1253 3504 ue

223 3622 242 3677 5
263 3620 297 3678 cf.
316 3620 376 3678 oon
395 3624 420 3689 ὅ,
440 3622 472 3677 19
484 3637 542 3693 sqq.
647 3624 680 3679 14
696 3622 765 3694 Eph.
783 3624 844 3690 2,3

170 3794 189 3847 6
206 3792 295 3862 sdque
317 3794 435 3852 VWOP
528 3794 636 3851 hereses
653 3794 810 3853 DWOPX
910 3798 928 3852 8
945 3796 1032 3866 edque
1052 3796 1117 3851 71)ι
1123 3796 1187 3852 WP

122 3875 241 3948 dupplici
256 3880 422 3949 0(poseiou)
498 3882 530 3936 11
549 3883 637 3936 totum
654 3881 834 3940 VD¹WOP¹=
859 3884 964 3939 motum
974 3884 1017 3939 D’
1044 3888 1136 3939 notum
1148 3882 1185 3937 P¹

120 3966 212 4019 totum
228 3982 336 4020 sensum
354 3967 387 4021 X
473 3969 515 4023 ite
531 3984 582 4023 osc
601 3968 626 4024 0
719 3970 752 4023 12
768 3970 901 4039 inquietet
920 3970 944 4026 0
1036 3970 1069 4025 16
1086 3970 1254 4038 uoluptotem

125 4048 178 4104 VP
205 4052 398 4121 uoluptstisO
500 4054 535 4108 18
552 4055 628 4123 quse]
646 4070 665 4126 p
683 4054 712 4109 D
812 4056 1004 4110 1111111111)ἱ
1108 4056 1141 4110 19
1158 4056 1253 4109 uolun-

120 4138 188 4190 tutis
218 4136 281 4192 Vn*
380 4141 470 4192 cernis
494 4140 526 4193 D
553 4140 642 4194 curnis
666 4145 695 4195 et
718 4141 759 4198 W
859 4140 895 4195 20
921 4142 1078 4211 tenporibus
1103 4141 1187 4198 DOP

122 4222 296 4278 iocunditatis
320 4223 427 4280 V‘WX
522 4224 557 4279 22
574 4226 679 4281 iudicet
698 4227 722 4283 0
815 4227 946 4282 medioiut
964 4227 1033 4285 W0¹
1063 4228 1196 4283 medicine
1212 4229 1252 4282 in-

121 4307 215 4382 digest
236 4311 278 4365 D·
381 4312 417 4365 23
439 4312 656 4384 curationemque
681 4314 704 4369 0
807 4314 841 4370 oo
866 4320 928 4384 pote
946 4318 988 4369 est
1013 4316 1035 4370 0
1138 4314 1172 4370 28
1194 4316 1253 4369 cdi·

122 4394 216 4450 beetur
237 4398 298 4453 Wo
399 4414 448 4453 neo
467 4398 518 4455 ΟΡ
