3092 4967
304 440 368 506 426
700 435 865 492 Iohannis
884 436 1042 492 Cassiani

313 708 315 711 ¹
348 630 374 694 I.
396 628 474 693 Post
505 627 636 710 synaxin
667 627 879 709 uespertinum
907 626 946 690 ad
972 627 1192 709 repromissam
1220 627 1425 692 narrationem

304 731 418 797 intenti
441 730 588 814 psiathiis
611 730 728 812 pariter
751 748 787 792 ex
810 748 896 794 more
924 728 1132 794 consedimus:
1155 747 1288 812 cumque
1311 729 1427 793 silenti·

304 855 360 900 um
382 834 608 916 aliquantisper
630 852 685 915 pro
708 835 792 897 senis
815 834 990 897 reuerentia
1012 833 1239 915 praeberemus
1267 832 1426 916 taciturni·

274 941 403 1010 2tatem
433 936 637 1002 uerecundiae
669 937 793 1001 nostrae
825 935 883 1002 tali
913 937 1075 1018 praeuenit
1098 935 1229 1018 cloquio.
1268 953 1364 1018 usque
1390 935 1426 998 ad

302 1041 493 1125 spiritalium
529 1039 685 1105 rationem
723 1039 950 1106 charismatum
993 1039 1210 1123 proferendam
1246 1038 1455 1122 praecederes

303 1143 525 1226 disputationis
559 1143 633 1208 ordo
668 1145 863 1224 peruenerat,
898 1161 993 1225 quam
1030 1143 1224 1226 tripertitam
1263 1160 1327 1207 esse
1362 1161 1425 1206 ma·

301 1248 402 1311 iorum
425 1246 597 1312 traditione
618 1247 820 1330 percepimus.
843 1247 945 1329 prima
967 1245 1124 1328 siquidem
1147 1245 1318 1312 curationis
1340 1262 1426 1309 musa

302 1353 360 1430 est,
395 1367 466 1414 cum
499 1368 554 1432 pro
588 1350 701 1414 merito
734 1351 916 1414 sanctitatis
951 1349 1067 1414 electos
1101 1367 1239 1432 quosque
1270 1367 1307 1414 ac
1334 1349 1424 1414 iustos

301 1452 386 1517 uiros
422 1453 582 1536 signorum
618 1452 722 1535 gratia
759 1455 947 1528 comitatur,
984 1455 1066 1519 sicut
1102 1453 1260 1537 apostolos
1297 1453 1425 1518 multos·

301 1575 360 1639 que
375 1557 552 1622 sauctorum
568 1558 659 1640 signa
674 1574 711 1620 ac
725 1556 867 1640 prodigia
886 1559 1057 1622 secundum
1075 1557 1299 1622 anctoritatem
1314 1557 1453 1623 dominio

301 1659 412 1725 fecisse
456 1660 660 1726 manifestum
695 1661 742 1725 est
778 1661 826 1726 ita
868 1660 1016 1726 dicentis:
1060 1660 1243 1726 infirmos
1281 1663 1423 1740 curate,

301 1768 478 1829 mortuos
512 1765 726 1842 suscitate,
766 1765 945 1846 leprosos
983 1764 1183 1844 mundate,
1222 1763 1424 1828 daemonas

271 1867 442 1939 3eicite:
472 1867 601 1949 gratis
624 1868 860 1948 accepistis,
893 1867 1023 1950 gratis
1052 1866 1153 1932 date.
1190 1870 1335 1946 secunda,
1358 1885 1423 1931 oum

301 1971 339 2034 ob
368 1969 612 2036 aedificationem
641 1970 790 2034 ecclesiae
819 1972 871 2034 uel
900 1987 1006 2034 eorum
1033 1969 1087 2051 qui
1121 1969 1263 2034 infirmos
1287 1988 1359 2034 suos
1381 1971 1423 2033 in·

300 2075 413 2156 gerunt
441 2073 495 2137 uel
523 2091 630 2136 eorum
659 2074 711 2154 qui
742 2073 872 2138 curandi
902 2075 976 2138 sunt
1003 2071 1097 2138 fidem
1126 2073 1299 2136 sanitatum
1332 2075 1423 2137 uirtus
1432 2101 1451 2140 s

301 2178 397 2242 etiam
419 2195 438 2241 a
459 2175 677 2260 peecatoribus
701 2175 901 2258 indignisque
923 2177 1072 2260 procedit.
1108 2176 1277 2258 dequibus
1294 2178 1423 2242 salrator

299 2281 334 2345 in
368 2281 530 2364 euangeho
563 2279 701 2358 multi,
735 2280 847 2363 inquit,
882 2280 1016 2344 dicent
1048 2279 1145 2344 mihi
1173 2283 1213 2344 in
1243 2281 1318 2345 illa
1351 2278 1420 2343 die:

299 2383 450 2451 domine
478 2383 648 2461 domine,
679 2401 805 2447 noune
835 2383 873 2446 in
902 2387 967 2447 tuo
994 2385 1151 2448 nomine
1173 2383 1422 2465 prophetani-
1516 2407 1517 2453 1

298 2505 400 2569 mus,
431 2489 469 2552 et
496 2487 534 2550 in
562 2489 627 2551 tuo
656 2487 810 2550 nomine
845 2487 1049 2551 daemonia
1082 2487 1292 2562 eiecimus,
1327 2487 1422 2551 etin

301 2589 370 2654 tuo
393 2589 548 2654 nomine
569 2590 752 2653 uirtutes
776 2591 923 2654 multas
950 2589 1142 2654 lecimus?
1166 2593 1204 2654 et
1226 2591 1323 2655 tunc
1343 2607 1451 2660 con-e

297 2691 450 2757 fitebor
476 2691 564 2758 illis
596 2693 688 2775 quia
717 2711 929 2775 numquam
958 2693 1052 2757 noui
1080 2711 1165 2759 uos:
1190 2693 1422 2758 disceditea

267 2800 369 2872 4me,
400 2797 576 2877 operarii
610 2796 859 2878 iniquitatis.
897 2799 928 2860 et
957 2815 973 2860 e
1003 2798 1157 2862 contrario
1187 2798 1214 2860 si
1245 2798 1422 2862 offerentum

297 2900 349 2964 uel
380 2899 580 2964 infirmorum
615 2899 696 2964 desit
728 2899 814 2978 fides,
849 2901 947 2965 etiam
980 2900 1052 2966 illos
1085 2901 1197 2982 quihus
1232 2901 1421 2965 curationum
1514 2895 1515 2941 l

297 3002 377 3068 dona
400 3001 526 3068 conlata
548 3005 621 3068 sunt
643 3021 705 3066 non
728 3004 805 3068 sinit
834 3003 1007 3068 sanitatum
1030 3021 1170 3069 exercere
1194 3003 1354 3069 uirtutem.
1388 3004 1421 3066 de

298 3123 360 3189 qua
383 3125 416 3170 re
438 3107 536 3170 Lucas
565 3107 762 3188 euangelista
792 3108 831 3170 et
861 3125 935 3171 nou
968 3106 1142 3192 poterat,
1173 3107 1289 3189 inquit,
1318 3107 1449 3171 lesusn
1513 3139 1514 3184 3

297 3207 436 3274 facere
464 3209 571 3274 inter
600 3227 663 3274 eos
694 3211 874 3275 uirtutes
907 3211 1074 3293 propter
1104 3209 1421 3276 incredulitatem

188 3334 193 3348 ¹
297 3329 444 3377 eorum:
468 3312 549 3377 unde
571 3313 656 3378 idem
678 3313 823 3378 dominus
846 3314 982 3390 multi,
1004 3313 1119 3396 inquit,
1141 3315 1296 3397 leprosi
1318 3313 1421 3377 erant
1512 3385 1513 3402 ἶ

296 3415 337 3480 iu
359 3413 516 3480 Israhel
549 3416 620 3481 sub
641 3417 833 3484 Helisaeo
866 3417 1079 3504 propheta,
1104 3421 1141 3482 et
1164 3435 1273 3482 nemo
1296 3431 1420 3482 eornm
1512 3407 1513 3431 ³

400 3603 430 3655 11
455 3601 506 3656 lit.
533 3602 614 3667 10,8
718 3602 861 3668 171111,
881 3603 984 3658 22-23
1087 3604 1121 3659 25
1148 3603 1230 3660 llere.
1248 3605 1274 3670 6,
1291 3603 1357 3658 5-6

295 3686 329 3742 at
348 3687 414 3742 Luc.
431 3687 457 3754 4,
475 3689 509 3743 27

348 3857 364 3910 1
387 3859 508 3926 synaxim
534 3861 561 3910 Τ
587 3861 680 3928 synaxi
704 3860 729 3912 0
832 3859 849 3912 2
872 3859 989 3929 psiathis
1013 3863 1041 3914 Σ
1069 3863 1178 3930 palatiis
1202 3863 1233 3916 ll
1260 3857 1421 3932 eptathiisl‘

295 3941 394 4010 palatie
412 3942 438 3996 Ο
540 3945 558 3998 5
573 3945 756 4000 narrationem
773 3944 828 3998 ΤΟ
932 3946 947 4001 7
966 3949 1136 4002 cantionum
1153 3948 1203 4004 llo
1304 3944 1418 4001 ciuem

294 4029 334 4081 11¹
403 4029 570 4098 tapostolue
581 4030 685 4084 ΣΙΡΟ
759 4033 792 4086 11
804 4032 927 4088 infirmus
939 4033 979 4085 Π1
1050 4035 1083 4090 la
1095 4034 1237 4090 daemones
1251 4032 1356 4088 uros

295 4115 330 4172 14
339 4114 462 4172 infirmos
472 4131 535 4171 auor
546 4117 686 4188 ingerunt]
698 4115 823 4174 iuflrmur
838 4123 952 4188 egerunt
963 4120 1004 4172 11¹
1095 4121 1128 4176 16
1139 4137 1156 4176 a
1168 4137 1218 4178 om.
1231 4123 1257 4174 Τ
1338 4117 1369 4172 ll
1379 4117 1417 4170 in·

294 4202 359 4272 quid
370 4202 430 4256 ΠΟ
516 4203 551 4259 18
561 4204 628 4272 prol.
640 4205 673 4256 11
763 4207 796 4260 19
808 4206 931 4262 demonia
942 4207 1030 4262 multa
1041 4207 1153 4262 dicimur
1166 4209 1192 4262 Ο
1277 4207 1312 4262 22
1322 4201 1417 4274 operari

293 4290 363 4343 ΣΟΙ
450 4288 486 4343 25
502 4289 597 4358 inquid
616 4289 641 4343 0
726 4292 760 4345 27
779 4291 886 4346 illorum
904 4291 956 4348 llo
1041 4292 1177 4362 inquidO
1262 4293 1297 4348 28
1312 4285 1415 4356 intell

293 4375 456 4430 hierusalem
468 4376 497 4427 Σ
514 4375 609 4430 inrum
623 4376 648 4428 0
721 4378 834 4432 helisaeo
847 4379 875 4430 Σ
893 4378 993 4433 heliseo
1006 4381 1032 4430 Y
1045 4378 1139 4448 elisseo
1152 4377 1178 4431 Ο
1250 4377 1315 4448 prol.
1327 4375 1354 4427 ll
