3092 4967
281 447 345 515 548
669 442 839 500 Iohannis
860 442 1021 500 Cassiani

284 635 497 703 msbumeuta
534 634 708 699 sanitatum
744 630 889 697 omnibns
925 631 966 697 ab
1002 631 1141 697 humana
1177 632 1420 699 oonusrsalions

252 738 426 807 adsersus
457 741 622 822 suppetere
652 754 714 803 non
739 753 899 819 negamus.
936 754 1007 803 oum
1030 755 1065 802 ee
1085 736 1187 821 igitur
1206 736 1420 820 inpatientiae

283 862 337 909 sen
353 842 417 908 irae
433 840 719 924 perturbationibus
735 839 888 905 incursari
902 838 968 905 illis
981 839 1097 923 quibus
1111 858 1206 925 supra
1216 840 1421 907 ostendimus

282 944 408 1011 indietis
442 945 655 1029 unusquisque
686 941 937 1028 deprehenderit,
974 942 1140 1009 sontiariis
1175 945 1280 1011 semet
1313 946 1422 1028 ipsum

283 1048 509 1115 obiectionibus
542 1067 664 1131 semper
697 1049 849 1125 ereroeat,
879 1048 913 1113 et
941 1045 1111 1131 propositis
1132 1045 1193 1113 sibi
1214 1048 1455 1115 multimodiss

281 1151 468 1219 iniuriarum
498 1150 794 1236 dispendiorumque
821 1149 987 1234 generibus
1017 1150 1107 1216 uolut
1133 1150 1175 1217 ab
1202 1151 1266 1218 alio
1289 1150 1423 1218 sibimet

282 1256 436 1339 inrogatis
470 1254 663 1321 adsueiaoist
702 1257 842 1321 mentem
879 1273 970 1320 suam
1003 1254 1150 1321 omnibus
1186 1272 1267 1337 quae
1300 1254 1424 1321 iniens

281 1359 456 1444 inprobitas
479 1360 585 1441 potest
606 1358 745 1440 perfecta
769 1356 952 1423 bumilitate
967 1346 1183 1438 subcumbere,
1198 1361 1296 1441 atque
1309 1376 1424 1443 sapora

283 1464 347 1531 sibi
368 1482 509 1548 quaeque
530 1464 563 1529 et
584 1462 797 1530 intolerabilia
825 1461 1004 1546 frequenter
1032 1462 1190 1547 obponene
1222 1466 1348 1546 quanta
1375 1462 1423 1529 eis

282 1584 441 1633 ooeurrere
477 1566 590 1635 debeat
632 1564 764 1633 lenitate
808 1563 893 1631 omni
932 1565 1047 1651 iugiter
1087 1565 1192 1632 sordis
1227 1564 1454 1633 contritiones

282 1670 469 1737 meditetur:
501 1670 534 1735 et
562 1670 608 1736 ita
630 1670 799 1753 respioiene
821 1671 862 1735 ad
883 1667 958 1735 illas
979 1670 1159 1736 sanatorum
1180 1668 1329 1735 omnium
1352 1668 1424 1735 siue

282 1772 381 1859 ipsius
404 1772 521 1839 domini
543 1771 700 1855 passiones
730 1772 878 1839 uniuersa
903 1788 965 1837 non
987 1770 1091 1838 solum
1112 1770 1342 1855 eonuioiorum,
1366 1774 1423 1839 sed

282 1877 381 1941 etiem
402 1893 572 1959 poenarum
593 1892 706 1958 genera
727 1873 878 1941 inferiora
902 1873 1026 1941 mentis
1040 1874 1107 1941 suis
1121 1893 1191 1942 esse
1205 1876 1423 1957 pronuntians

253 1978 323 2045 aad
346 1996 471 2045 omnem
493 1996 526 2043 ee
548 1976 692 2043 dolorum
718 1977 920 2043 tolerantiam
948 1977 1157 2061 praeparabit.
1195 1994 1337 2061 eumque
1359 1977 1422 2043 ali·

283 2081 407 2167 quando
429 2082 469 2147 ad
491 2082 596 2147 ooetus
618 2080 754 2147 fratrum
778 2080 885 2164 aliqua
913 2079 1012 2173 fuerit
1032 2081 1220 2147 inuitatione
1240 2084 1454 2161 reuomtms

283 2185 366 2269 quod
399 2202 461 2251 non
489 2185 592 2268 potest
621 2201 684 2251 non
714 2184 767 2251 nel
795 2203 867 2251 raro
896 2184 993 2251 etiarn
1022 2183 1266 2251 distriotissimie
1297 2185 1422 2251 beromi

282 2288 399 2355 sdoolis
421 2285 593 2372 prouentus,
616 2287 643 2353 si
660 2289 801 2355 mentem
814 2306 905 2355 suem
921 2286 1019 2355 etiam
1033 2306 1091 2371 pro
1105 2287 1223 2354 nilibus
1238 2286 1423 2371 quibusque

282 2391 376 2459 rebus
398 2390 633 2476 deprehenderit
654 2391 753 2459 taeite
775 2390 873 2458 inisse
900 2392 1090 2475 mumolum,
1112 2394 1150 2457 nt
1163 2390 1297 2474 quidam
1312 2392 1421 2457 ooonl-

283 2501 386 2564 torum
416 2496 559 2562 motuum
588 2495 806 2561 seuerissimus
835 2511 945 2561 oensor
975 2512 1048 2561 mox
1075 2493 1137 2561 eibi
1167 2493 1226 2561 illa
1246 2494 1422 2561 durissima

283 2598 469 2665 iniuriarum
501 2616 627 2683 genera,
661 2597 775 2682 quibus
808 2599 848 2665 ad
880 2596 1052 2682 perfectam
1081 2596 1286 2663 tolerantiam
1316 2597 1452 2664 manda

282 2702 389 2786 ipsum
410 2700 575 2769 cotidianis
597 2697 855 2767 meditationibus
878 2700 1049 2778 ereroebat
1072 2698 1238 2783 exprobret
1258 2702 1362 2783 atque
1376 2702 1422 2766 ita

284 2824 318 2871 se
348 2805 515 2889 obiurgans
544 2806 576 2871 et
597 2806 762 2889 increpans
783 2804 987 2889 adloquatur:
1017 2809 1094 2871 tune
1114 2803 1172 2870 ille
1189 2822 1234 2887 es,
1255 2806 1342 2870 bone
1360 2805 1421 2889 uir,

284 2908 338 2994 qni
360 2910 402 2989 te,
425 2910 501 2975 dum
522 2908 557 2974 in
578 2909 636 2977 illa
656 2908 836 2975 solitudinis
858 2913 932 2975 tuae
955 2907 1108 2975 exemeris
1122 2908 1293 2991 palaestro,
1309 2907 1422 2974 omnia

284 3016 504 3095 superaturum
537 3013 620 3079 mala
654 3013 907 3079 oonstantissime
938 3012 1169 3095 praesumebas,
1206 3011 1420 3096 quidudum,

284 3133 356 3181 oum
377 3114 438 3180 tibi
460 3133 522 3181 non
544 3117 647 3183 solum
670 3134 810 3183 summas
839 3115 1054 3181 oonnioiorum
1082 3113 1280 3194 aoerbitates‚
1303 3134 1451 3181 uernans

285 3220 381 3285 etiam
413 3216 610 3286 intoleranda
646 3217 801 3303 supplicia
832 3220 900 3303 ipse
932 3235 1129 3303 proponeres,
1163 3217 1242 3283 satis
1271 3217 1420 3285 ualidum

255 3319 380 3406 datque
410 3324 450 3388 ad
479 3341 585 3391 omnes
614 3322 765 3407 procellae
793 3322 979 3391 inmobilem
1001 3324 1035 3388 ts
1063 3320 1234 3389 credebas?
1262 3320 1419 3405 quomodo

338 3629 405 3685 lab
423 3628 491 3685 BF:
520 3629 683 3685 animabo
711 3628 796 3685 etiam
810 3629 844 3685 ab
861 3629 900 3700 do
991 3628 1103 3699 apoese
1120 3631 1261 3699 suppetere
1280 3628 1352 3699 Ode

285 3722 379 3779 tleiue
395 3724 436 3795 βυ
532 3722 631 3793 quibus
647 3722 715 3779 But
746 3740 814 3795 quas
834 3723 900 3794 Ode
1000 3722 1072 3795 bet]
1091 3725 1124 3777 ut
1141 3722 1199 3777 BF
1299 3721 1418 3778 bualud

285 3818 326 3873 Β·
403 3816 636 3874 Ssuoaumb.BF
711 3818 839 3890 adqueF
911 3818 1075 3889 eobponens
1088 3816 1191 3874 OK¹Z=
1213 3834 1273 3887 opp
1286 3816 1350 3873 rell

286 3912 320 3967 12
338 3914 517 3968 oonnitiornm
534 3914 597 3985 ΒΨ
692 3916 725 3971 16
743 3912 863 3972 desuiot.
881 3912 975 3971 B¹F0
1068 3912 1101 3968 li
1119 3912 1221 3969 adeolis
1238 3912 1292 3969 P:
1318 3912 1418 3968 aoeolis

286 4006 346 4063 seli.
461 4008 600 4079 peruenire
625 4008 686 4065 Bi·
795 4024 846 4079 pro
872 4008 974 4064 uilibue
1002 4006 1037 4067 0:
1066 4006 1255 4078 probabilibus
1282 4006 1343 4063 BF
1370 4020 1417 4077 pso

286 4100 393 4158 leuibus
411 4102 452 4174 da
553 4104 587 4159 21
612 4102 710 4161 oottid.
731 4102 766 4159 K
864 4102 992 4173 exprobat
1014 4104 1111 4160 BFK¹
1214 4102 1304 4173 adque
1320 4102 1352 4159 F

286 4196 321 4251 23
343 4200 371 4253 te
388 4198 490 4254 dudum
507 4197 579 4253 ΡΖ
679 4198 808 4255 exarseris
823 4198 936 4269 wripai:
963 4214 1095 4255 mutereo
1111 4198 1191 4255 BFo
1218 4196 1377 4253 exermis
1395 4194 1418 4253 0

286 4292 877 4363 mmomeKenerosna(nss'araasa.2)Z
961 4294 1349 4366 phalestrstaIestrareli

286 4387 321 4443 26
338 4388 519 4445 sonuitiorum
536 4388 599 4461 Bm
700 4390 859 4446 eternitates
876 4390 916 4445 Βι
