3092 4967
297 440 358 507 172
688 438 853 495 Iohannis
874 440 1031 495 Cassiani

293 629 478 695 metuebant
511 628 667 695 ultionum
703 631 897 698 incuteretur
933 630 1081 714 exemplo,
1119 648 1176 696 nee
1213 630 1297 713 apud
1334 630 1423 697 illum

294 730 412 800 summi
433 733 570 799 numinis
593 734 795 801 maiestatem
816 754 881 802 esee
903 734 1109 799 humanarum
1126 751 1229 800 rerum
1246 740 1279 799 et
1294 735 1424 801 ootidia·
1524 777 1529 788 ·

294 854 354 903 nae
395 834 636 918 dispensationis
677 836 833 903 ineuriam
884 838 1066 904 noeumento
1110 837 1202 903 huius
1246 837 1422 903 mneritatie
1523 833 1528 854 '

294 940 498 1025 agnoscerent
520 956 556 1005 ae
578 940 798 1007 retributorem
821 942 912 1007 deum
936 944 1119 1007 enuotorum
1134 941 1262 1006 aetuum
1279 959 1334 1025 per
1348 940 1423 1007 haee

243 1048 283 1113 11
295 1059 375 1126 qnae
396 1040 583 1126 grauissime
605 1040 817 1109 formidabant
837 1042 1034 1109 manifestius
1055 1040 1263 1126 peruiderent.
1299 1044 1451 1109 inueni-r

294 1162 366 1210 mus
387 1161 459 1210 saue
481 1143 578 1211 etiam
600 1163 656 1229 pro
678 1145 848 1213 leuioribus
864 1144 966 1229 onlpie
984 1144 1150 1212 nonnullos
1167 1146 1297 1211 eandem
1313 1148 1422 1211 mortis

293 1246 334 1312 an
355 1264 503 1331 praesens
525 1247 683 1330 eroepisse
704 1248 905 1330 sententiam,
928 1265 991 1331 qua
1012 1252 1085 1312 eunt
1108 1251 1139 1314 et
1161 1246 1211 1313 ilii
1225 1248 1331 1332 puniti
1347 1266 1423 1332 quoe

292 1350 502 1434 praediximus
530 1351 671 1417 extitisse
699 1351 869 1437 saerilegae
895 1350 1166 1434 praeuaricationis
1200 1352 1352 1431 anetores,
1388 1356 1423 1417 nt

293 1452 412 1520 iactum
435 1457 482 1518 eet
504 1452 538 1519 in
560 1454 615 1520 ilio
637 1455 692 1536 qui
714 1454 844 1521 sabbato
866 1455 953 1539 ligna
974 1454 1147 1539 eollegerat
1161 1455 1213 1520 uel
1226 1454 1261 1521 in
1276 1456 1422 1522 Annania

293 1559 327 1622 et
349 1556 509 1641 Sapphira,
533 1556 588 1639 qui
610 1573 721 1639 parum
743 1556 893 1641 quiddam
911 1557 949 1623 de
964 1554 1143 1623 substantia
1157 1574 1215 1623 sue
1227 1556 1422 1625 infidelitatis
1431 1582 1453 1623 ιι

293 1676 396 1727 errore
419 1662 632 1728 seruauerant
670 1678 732 1727 non
753 1678 815 1744 quo
838 1662 979 1744 aequalia
994 1661 1112 1728 inerint
1126 1662 1265 1745 pondera
1278 1664 1423 1744 peceato·

293 1784 375 1842 rum,
409 1764 475 1830 sed.
499 1766 572 1847 quia
604 1765 721 1847 reperti
752 1783 851 1832 nonae
885 1764 1141 1849 transgressionis
1174 1768 1422 1849 praesumptores

293 1867 469 1935 debuerunt
496 1867 643 1952 praebere
671 1868 783 1934 esteris
811 1869 1072 1952 quemadmodum
1099 1870 1228 1954 peooati,
1257 1869 1303 1934 ita
1325 1869 1423 1933 etiam

294 1990 412 2056 poenae
444 1990 481 2038 ao
512 1973 640 2038 terroris
672 1972 858 2055 exemplum,
893 1976 930 2039 ut
962 1973 1103 2057 quisquis
1134 1973 1244 2039 eadem
1277 1970 1423 2055 deineeps

294 2076 450 2143 adfectare
481 2076 678 2159 temptasset,
712 2080 819 2157 nosset
846 2075 906 2143 sibi
935 2075 1104 2143 seeundum
1133 2074 1262 2143 eandem
1287 2075 1453 2141 formaene

294 2198 356 2263 qua
391 2179 442 2244 illi
475 2179 616 2246 damnati
652 2183 737 2258 sunt,
775 2179 872 2245 etiam
910 2180 937 2245 si
974 2180 1006 2245 iu
1042 2180 1196 2263 praesenti
1233 2177 1423 2262 supplitium

242 2282 466 2361 retineretur,
489 2284 523 2349 iu
545 2282 645 2348 futuri
668 2282 776 2349 iudioii
805 2283 1033 2350 examinatione
1056 2283 1256 2350 reddendum.
1294 2286 1326 2348 et
1348 2283 1424 2366 quia
1531 2312 1532 2371 5

293 2388 438 2454 uidemur
466 2404 625 2453 ernestum
655 2386 819 2471 quendam,
847 2385 923 2453 oium
950 2404 1065 2470 genera
1098 2386 1342 2469 temptationum
1370 2384 1423 2451 net

293 2492 449 2557 ultionum
476 2508 653 2573 percurrere
682 2490 838 2570 uolumus,
867 2510 886 2556 a
913 2490 1073 2575 proposita
1095 2489 1269 2556 narratione
1298 2489 1420 2572 fecisse,

293 2612 356 2677 qua
371 2592 551 2660 dieebamue
566 2592 671 2660 uirum
685 2593 860 2677 perfeetum
874 2592 909 2659 in
925 2594 1055 2676 utraque
1074 2594 1280 2675 temptatione
1295 2608 1422 2657 manere
1431 2611 1454 2652 re
1532 2596 1533 2685 p

292 2714 414 2780 semper
436 2696 626 2780 inmobilem,
650 2696 690 2763 aei
713 2696 845 2763 eandem
867 2713 951 2762 nune
968 2696 1084 2762 iterum
1105 2699 1313 2762 reuertamur.

335 2818 410 2883 XII.
440 2818 552 2902 itaque
578 2836 667 2884 mene
698 2820 757 2885 uiri
785 2818 862 2885 iusti
891 2836 953 2884 non
981 2816 1074 2884 debet
1102 2834 1168 2883 esse
1196 2815 1308 2881 similia
1332 2834 1421 2881 cerae

293 2922 345 2987 uei
388 2920 519 2987 alterius
563 2923 748 3006 cuiusquam
793 2921 942 2987 materiae
982 2920 1144 3000 mollioris,
1183 2938 1262 3003 qnae
1299 2937 1424 3003 semper
1531 2994 1532 3015 ζ

291 3024 469 3091 eharaoteri
495 3025 690 3111 signantium
719 3026 830 3092 oedene
857 3044 912 3109 pro
941 3027 1007 3091 eins
1028 3024 1130 3091 forma
1159 3024 1253 3107 atque
1281 3022 1421 3106 imagine
1531 3022 1532 3067 ³

292 3130 447 3215 figuratur
474 3148 628 3215 quemque
655 3131 689 3195 in
716 3148 749 3196 ee
778 3129 896 3196 tamdiu
928 3129 1053 3214 retinet,
1083 3128 1179 3194 donee
1207 3126 1269 3193 alio
1295 3142 1454 3191 rursumaa

290 3236 521 3318 superinpreeso
548 3233 711 3318 signaenlo
738 3231 934 3299 reformetur.
972 3234 1066 3317 etque
1092 3230 1140 3296 ita
1168 3229 1232 3309 fiet,
1261 3230 1299 3294 nt
1328 3248 1423 3295 num·

291 3356 387 3420 quem
422 3338 456 3403 in
489 3356 546 3404 sna
577 3338 731 3421 qualitme
762 3336 929 3421 persistens
962 3336 1003 3403 ad
1037 3334 1169 3402 formam
1202 3351 1309 3399 eorum
1342 3350 1422 3415 quae

292 3440 505 3525 inprimuntur
542 3459 664 3525 semper
699 3440 901 3507 oonuertatnr
933 3457 969 3505 ae
1004 3440 1156 3505 transeat.
1200 3434 1276 3521 quin
1314 3434 1421 3518 potius
1530 3502 1531 3519 χ

395 3658 466 3717 aet
483 3658 563 3715 Num.
583 3660 624 3727 lo,
642 3660 745 3731 82rqq.

344 3864 361 3918 2
386 3864 507 3919 neminie
536 3863 614 3922 WO:
649 3864 766 3919 nominis
797 3860 881 3918 VDX
983 3860 1077 3917 eottioi
1104 3860 1203 3918 DWX
1310 3863 1327 3918 6
1356 3878 1422 3918 uou-
1529 3860 1530 3911 ἒ

292 3950 383 4006 nullus
401 3950 435 4005 V¹
529 3951 546 4007 8
563 3951 706 4022 meriiegoe
723 3967 758 4007 ee·
775 3950 966 4021 saerilegust'
1056 3950 1073 4005 9
1091 3948 1230 4020 eolligerat
1249 3950 1353 4007 VWX¹

291 4038 410 4092 annania
431 4034 488 4092 D¹:
517 4037 615 4093 anania
635 4034 800 4093 VD¹WOX
902 4034 936 4091 10
956 4034 1048 4091 saffira
1074 4032 1159 4091 VDX
1187 4034 1286 4107 saffyra
1313 4036 1353 4093 W
1377 4051 1420 4090 sa·

291 4124 373 4194 phire
393 4122 417 4180 0
515 4125 546 4180 11
565 4139 651 4179 errore
667 4121 749 4180 12¹0:
778 4128 879 4179 terrore
897 4122 955 4179 reli.
1050 4122 1157 4178 inerant
1176 4122 1217 4179 W
1310 4122 1345 4179 14
1361 4138 1421 4179 ean-

291 4208 419 4266 demVO
504 4209 738 4266 lssnidiman¹
830 4208 975 4266 22XIW
1058 4208 1421 4265 tteaneteriDXeara·
1528 4238 1529 4279 3

290 4296 412 4353 nterim
497 4296 582 4367 adque
597 4296 650 4353 VO
739 4296 774 4352 25
792 4294 947 4367 quaqueD¹
1034 4296 1138 4352 retenet
1155 4292 1196 4350 D¹
1281 4296 1317 4352 26
1334 4296 1420 4365 adque
1528 4288 1529 4313 ¹

297 4381 323 4437 V
417 4382 466 4438 flat
486 4383 526 4441 W
625 4382 660 4439 28
677 4384 871 4438 oonuertantur
892 4380 940 4439 W¹
