3092 4967
292 412 358 477 312
688 408 854 464 lohuunis
872 407 1031 465 cessioni

295 616 373 681 quos
405 596 670 683 praecipientibus
687 562 826 664 ⁸seiunctis
863 596 1010 663 Helludio
1043 598 1075 664 et
1108 597 1235 663 Leontio
1274 597 1394 681 episcop'

295 705 467 784 utcumque
496 701 693 784 digessimus,
726 700 906 767 satisfecere
932 702 1114 786 potuerunt,
1143 718 1236 779 nunc,
1266 702 1303 767 ut
1329 700 1405 767 etium

296 804 418 871 itineris
444 803 543 870 nostri
572 804 652 869 ratic
681 806 893 889 cognoscetur,
924 804 1023 869 trium
1050 802 1084 868 in
1122 801 1187 869 ulio
1208 804 1332 870 heremo
1353 822 1405 870 con·

296 909 477 975 sistentium
507 925 583 992 quos
611 911 728 992 primos
758 908 895 975 uidimus
926 914 1051 991 petrum
1081 911 1201 991 septem
1236 908 1409 975 conlationes

296 1013 365 1096 peri
395 1014 587 1095 conscriptes
617 1011 691 1079 stilo
720 1013 808 1078 uobis
838 1012 956 1079 credidi
984 1014 1218 1092 consecrandus,
1246 1014 1357 1096 quitus
1373 1030 1432 1093 eus

297 1134 377 1199 quae
399 1117 437 1182 de
459 1115 649 1199 perfectione
672 1116 705 1181 in
727 1116 908 1200 praeteritis
938 1115 1096 1199 opusculis
1124 1116 1237 1182 nostris
1264 1116 1408 1183 obscurius
1499 1123 1503 1206 ξ

265 1218 430 1291 3forsitun
460 1220 669 1303 conprehensa
696 1220 748 1284 uel
776 1218 1000 1305 praetermissu
1032 1224 1115 1299 sunt,
1150 1220 1359 1303 suppleantur.
1387 1220 1408 1284 si
1499 1229 1503 1268 ¹

297 1341 372 1389 nero
394 1324 538 1388 sunctum
560 1322 656 1388 studii
678 1322 773 1387 uestri
797 1322 886 1387 sitim
908 1322 1005 1388 etium
1035 1323 1113 1388 hoec
1135 1322 1250 1388 sutinre
1274 1342 1336 1389 non
1355 1322 1409 1406 qui·

298 1425 413 1507 norint,
437 1426 555 1509 septem
579 1425 658 1491 uliae
681 1425 886 1502 conlationes,
914 1443 994 1509 quoe
1017 1425 1057 1490 ud
1079 1426 1203 1491 sanctos
1219 1426 1274 1510 qui
1288 1428 1323 1491 in
1339 1425 1408 1491 Stce

300 1528 452 1595 enodibus
475 1530 651 1595 consistunt
671 1528 786 1594 insulis
801 1528 992 1595 emittendae
1007 1533 1083 1595 sunt
1097 1529 1222 1609 fratres,
1239 1530 1434 1595 desideriunt·

298 1637 335 1699 ut
358 1633 493 1699 arbitror
514 1632 614 1699 nestri
636 1632 756 1699 ardoris
786 1632 964 1717 explebunt.

352 1924 365 1976 1
380 1920 478 1976 elladio
491 1922 553 1974 ΣΠ
558 1920 583 1975 0
680 1922 698 1977 3
710 1926 888 1992 cognuscetur
899 1922 930 1974 Π
936 1925 944 1952 ¹
956 1928 983 1977 ct
994 1924 1035 1977 cic
1041 1923 1155 1991 passim,
1167 1923 1232 1977 teuc
1244 1938 1359 1992 sgnum

298 2008 317 2063 4
342 2008 444 2077 primus
470 2008 514 2059 Πι
620 2008 637 2063 8
664 2009 790 2077 quscrint
814 2006 859 2060 Πι
966 2007 983 2062 9
1009 2007 1189 2063 istoecedibus
1215 2009 1243 2061 Σ
1278 2006 1413 2063 ιιιοωιὶὶὴιι

300 2093 326 2148 0
418 2095 448 2149 11
468 2098 500 2149 ut
516 2094 633 2149 arbitror
650 2108 700 2149 uer.
717 2094 748 2146 Π
835 2094 910 2149 Finit
927 2092 1017 2162 (Finis
1028 2095 1068 2161 Σ)
1086 2092 1224 2163 prueictio.
1251 2094 1350 2164 Incipit
1364 2107 1413 2149 cun·

298 2180 368 2237 letio
386 2180 446 2249 (lib.
464 2180 647 2236 conlationum
665 2182 709 2250 Σ)
732 2178 841 2235 obbatis
863 2180 1043 2235 chaeremonie
1064 2179 1098 2235 de
1120 2180 1283 2250 perfectione
1301 2180 1368 2233 211:
1389 2178 1414 2231 ic

299 2271 415 2337 retroque
441 2266 498 2323 cod.
526 2268 651 2337 capitula
674 2266 828 2337 praecum
853 2271 921 2321 most
942 2267 1118 2335 praefationi
1232 2266 1347 2337 Explicit
1368 2279 1414 2335 prc·

299 2352 417 2408 fetico
