3092 4967
579 424 742 481 Conlatio
765 424 800 481 V.

667 954 710 1039 V.

108 1216 115 1231 ·
224 1178 501 1279 conuiuio
536 1176 772 1276 ABBATIS
812 1175 1152 1275 SARAPIONIS.

340 1403 397 1470 nn
419 1400 526 1469 oeno
549 1401 680 1469 umus
701 1399 1037 1469 unmoiusmnvs.

561 1638 812 1725 efflavit.

104 1862 118 1901 ι
231 1847 258 1912 Ι.
283 1848 448 1913 Aduentue
462 1850 568 1913 nostor
582 1847 623 1913 ad
638 1847 763 1915 abbatis
780 1846 958 1930 Sarapionis
973 1846 1087 1913 oellam
1102 1850 1133 1914 et
1147 1847 1252 1933 inqui-

285 1950 359 2016 sitio
380 1953 419 2017 (le
441 1950 607 2036 generibus
629 1951 661 2016 et
683 1949 909 2036 inpugnatione
931 1950 1091 2016 uitiorum.

211 2054 258 2120 IL
281 2052 430 2118 Narratio
446 2052 572 2119 abbatis
588 2052 767 2137 Sarapionis
782 2052 821 2120 de
832 2056 902 2121 ooto
913 2054 1140 2137 principalibus
1152 2052 1251 2120 uitiis.

193 2158 259 2225 III.
282 2158 329 2222 De
358 2154 480 2221 duobus
508 2156 659 2221 uitiorum
687 2156 856 2241 generibus
887 2158 921 2221 et
950 2155 1122 2222 efficientia
1143 2174 1252 2223 eorum

286 2260 526 2342 quadripertita

91 2380 113 2419 ιο
177 2362 259 2429 ΙΠΙ.
281 2362 513 2447 Reoapitulatio
526 2362 563 2429 de
573 2364 818 2447 gastrimargiae
831 2365 863 2429 ot
874 2361 1091 2428 seminationis
1105 2364 1253 2447 passione

284 2467 316 2531 et
337 2465 499 2532 eunetione
522 2484 638 2533 aarum.

220 2567 262 2632 V.
286 2568 445 2651 Quomodo
468 2569 612 2635 dominus
634 2574 741 2636 noster
762 2569 848 2636 aolus
875 2571 989 2653 absque
1016 2572 1142 2651 paooeto
1172 2571 1253 2635 tem·

282 2671 389 2754 ptatns
411 2671 465 2737 sit.

199 2774 259 2841 VI.
282 2773 330 2841 De
357 2774 480 2841 ratione
506 2774 722 2857 temptationis
751 2793 812 2857 qua
834 2794 853 2841 a
875 2773 998 2841 diabolo
1021 2774 1180 2858 adpetitus
1204 2778 1254 2841 est

89 2898 113 2940 a
282 2877 437 2943 dominus

183 2980 257 3046 VII.
281 2981 328 3047 De
351 2982 618 3046 consummatione
636 2980 821 3047 cenodoxiae
837 2980 870 3046 et
883 2980 1046 3064 superbiae
1067 2982 1134 3048 sine
1157 2981 1251 3046 mini-

282 3083 378 3150 sterio
401 3085 564 3168 corporali.

163 3184 257 3252 VIII.
281 3186 329 3253 Do
350 3187 518 3271 filargyria,
541 3188 624 3270 quod
646 3190 734 3253 entra
755 3191 903 3253 naturam
918 3188 973 3266 sit,
989 3187 1021 3252 ot
1036 3186 1111 3268 quid
1125 3186 1250 3252 intorsit

281 3290 365 3355 inter
387 3288 488 3373 ipsam
513 3290 545 3355 et
567 3290 726 3355 naturalia
747 3290 838 3356 uitia.

88 3414 112 3454 a
149 3389 257 3459 VIIII.
280 3393 327 3458 De
356 3396 402 3460 ira
429 3398 524 3476 atque
551 3391 693 3473 tristitia,
727 3394 809 3477 qnod
837 3393 921 3459 inter
953 3388 1134 3459 aooedontia
1167 3392 1250 3458 uitia

281 3496 465 3581 plerumque
489 3495 589 3582 <non>
612 3496 823 3561 inueniuntur.

166 3680 351 3751 omptume
367 3680 442 3735 Μ
544 3679 725 3749 iserapionis
741 3680 817 3735 D'X
912 3681 979 3735 uitia
999 3682 1023 3738 0
1119 3684 1136 3738 8
1153 3684 1182 3736 et
1198 3697 1249 3737 osu.

119 3763 142 3819 0
246 3765 424 3822 diimflaO
527 3766 561 3821 14
577 3782 595 3821 a
612 3766 708 3822 outo
809 3765 920 3823 diabulo
937 3766 1011 3822 Μ
1110 3768 1248 3837 appetitus

117 3849 184 3906 12¹0
268 3852 419 3921 temptatus
430 3851 506 3919 ΧΨ)
594 3852 628 3906 18
639 3851 770 3921 filargiuia
780 3852 868 3911 DOX
946 3853 980 3907 19
992 3853 1180 3909 intereos.D¹

118 3934 153 3990 w
171 3938 260 4007 adque
288 3939 311 3995 0
412 3938 566 3995 aooedentia
582 3937 624 3996 D¹
641 3938 757 4008 (deleuit
771 3936 839 4008 D²)=
868 3938 1018 3995 audientia
1035 3939 1066 3994 X
1093 3938 1209 3995 iacentia
1227 3939 1251 3996 0

117 4020 149 4077 21
173 4040 224 4079 non
243 4023 356 4080 addidi:
385 4024 420 4091 of.
439 4024 696 4094 capuensem.
720 4024 823 4091 VHH,
842 4028 874 4081 ὗε
903 4024 1123 4081 manifestissime
1139 4041 1249 4096 oonpro

116 4105 195 4163 tatur
219 4124 274 4165 non
295 4124 399 4179 semper
421 4110 501 4166 nobis
524 4110 639 4166 aliorum
662 4111 732 4166 uitio
756 4112 967 4169 eommotionnm
990 4112 1116 4169 stimulos
1138 4112 1249 4169 exuturi

119 4194 246 4260 {mmm
268 4212 364 4252 mors
381 4196 500 4267 wodan
515 4212 565 4253 aeas
582 4197 704 4255 aedona
719 4212 769 4253 aeas
786 4197 967 4255 latrariorum
983 4198 1107 4269 capitam
1129 4196 1209 4253 vm
1223 4204 1249 4253 st

123 4278 216 4336 mn
229 4282 307 4337 aaut
323 4288 351 4338 et
368 4283 432 4353 ipsu
448 4284 544 4352 capitu
560 4283 637 4338 ieter
654 4298 683 4338 se
700 4298 759 4339 noos
773 4284 860 4353 plasea
876 4289 1042 4356 conponunt)
1144 4284 1248 4339 inueni-

119 4368 200 4421 untur
218 4366 242 4422 0
