3092 4967
269 497 332 566 710
655 497 823 552 Iohannis
846 497 1006 552 Cassiani

269 686 402 752 formam
434 687 579 766 traderet,
612 707 684 753 non
716 690 822 765 ueni,
852 688 966 771 inquit,
990 688 1127 752 facere
1149 689 1390 753 uoluntatem

267 810 385 856 meam
408 794 474 857 sed
497 793 751 858 uoluntatem
777 793 858 858 eius
887 794 951 875 qui
974 792 1089 858 misit
1112 812 1183 875 me,
1207 792 1390 856 etiterum:

267 913 339 960 non
373 895 476 960 sicut
509 915 578 982 ego
609 896 696 961 uolo
727 896 792 960 sed
822 897 927 961 siout
949 898 1002 962 tu.
1040 915 1135 978 quarn
1170 896 1322 960 uirtutem
1344 895 1390 959 illi

267 999 444 1082 specialiter
478 1003 629 1078 exercent,
667 1001 720 1084 qui
755 1001 786 1064 in
821 1000 975 1066 coenobiis
1014 1002 1228 1065 conmorantes
1265 997 1391 1063 senioris

268 1107 420 1184 reguntur
450 1103 589 1186 imperio,
621 1105 674 1188 qui
706 1105 784 1169 nihil
815 1107 940 1169 omnino
967 1104 1096 1169 arbitrio
1126 1121 1181 1168 suo
1207 1103 1422 1186 ageneseos
1521 1110 1522 1129 ¹

216 1205 412 1276 15uoluntas
446 1225 552 1274 eornm
588 1228 624 1273 ex
658 1209 820 1274 uoluntate
854 1210 970 1291 pendet
992 1208 1125 1288 abbatis.
1167 1210 1325 1289 postremo
1357 1210 1392 1270 ut

265 1311 329 1375 iam
366 1310 588 1392 disputationis
627 1312 719 1378 huius
756 1331 858 1378 sermo
896 1313 1070 1392 claudatur,
1107 1329 1219 1389 nonne,
1258 1311 1390 1388 obsecro,

266 1417 359 1479 etiam
392 1418 423 1479 in
454 1414 512 1480 hoe
541 1417 718 1498 centuplam
749 1417 886 1499 gratiam
918 1416 1152 1481 euidentissime
1182 1416 1237 1497 qui
1259 1413 1393 1480 fideliter

265 1517 386 1583 Christo
425 1519 607 1584 deseruiunt
645 1522 886 1603 consequuntur,
922 1521 996 1583 dum
1031 1537 1086 1602 pro
1120 1521 1245 1584 nomine
1278 1517 1345 1584 eius
1374 1536 1393 1582 a

265 1623 397 1688 summis
420 1624 610 1708 principibus
634 1625 835 1704 honorantur,
857 1645 893 1689 ae
907 1624 982 1690 licet
997 1625 1058 1706 ipsi
1074 1625 1243 1688 humanam
1258 1624 1390 1706 gloriam
1401 1639 1423 1678 1⁰

265 1744 326 1792 non
359 1726 531 1809 requirant,
566 1727 760 1794 uenerabiles
797 1731 904 1792 tamen
943 1727 1038 1792 etiam
1073 1729 1105 1792 iu
1139 1727 1389 1810 persecutionum

264 1831 416 1914 augustiis
454 1830 609 1898 iudicibus
647 1831 767 1898 cunctis
807 1849 844 1897 ac
881 1831 1086 1914 potestatibus
1130 1830 1220 1908 fiunt,
1259 1849 1388 1914 quorum

264 1934 373 1998 uilitas
404 1935 498 1999 etiam
530 1936 736 2002 mediocribus
767 1937 898 2002 forsitan
927 1934 1129 2019 despicabilis
1152 1954 1217 2000 esse
1239 1935 1390 2018 potuisset

266 2037 317 2101 uel
340 2055 394 2120 pro
417 2039 607 2104 obscuritate
631 2040 784 2104 natalium
814 2040 866 2104 uel
889 2057 943 2122 pro
967 2037 1144 2104 condicione
1167 2039 1285 2120 seruili,
1309 2039 1389 2102 siin

217 2143 255 2206 16
266 2142 417 2206 saeculari
442 2143 675 2207 conuersatione
691 2143 906 2208 mansissent?
922 2163 975 2224 per
990 2142 1107 2219 Christi
1122 2149 1228 2208 autem
1245 2144 1389 2208 militiam
1401 2157 1422 2196 ¹⁵

265 2245 440 2312 nobilitatis
463 2265 553 2312 nemo
577 2248 680 2312 status
704 2247 893 2313 calumniam
918 2265 1122 2330 commouere,
1145 2266 1236 2312 nemo
1252 2246 1391 2312 obscuri-

266 2351 363 2414 tatem
386 2351 507 2433 generis
530 2351 659 2417 audebit
681 2370 851 2436 opponere:
880 2352 955 2433 quin
980 2352 1082 2432 potius
1098 2352 1165 2416 illis
1181 2350 1259 2434 ipsis
1275 2350 1389 2414 uilissi-

265 2472 333 2518 mae
363 2454 554 2520 condicionis
587 2455 769 2538 obprobriis,
805 2454 918 2538 quihus
952 2454 1100 2520 conlundi
1133 2457 1165 2519 et
1194 2453 1390 2519 dehonestari

265 2557 358 2622 ceteri
396 2556 507 2637 solent,
548 2557 664 2624 Christi
699 2559 811 2624 famuli
844 2557 1012 2643 gloriosius
1045 2557 1263 2624 nobilitantur.
1310 2557 1390 2640 quod

264 2661 440 2728 euidentius
472 2665 505 2728 in
536 2664 647 2730 abbate
678 2663 826 2739 Iohanne,
851 2665 903 2746 qui
927 2663 959 2727 in
983 2663 1040 2728 illa
1060 2662 1185 2728 heremo
1207 2680 1287 2744 quae
1310 2662 1425 2744 Lycao

216 2765 253 2830 17
265 2766 375 2850 oppido
389 2768 511 2834 adiacet
524 2771 742 2846 commoratur,
757 2786 921 2849 possumus
935 2768 1113 2850 adprobare.
1132 2766 1186 2848 qui
1198 2766 1392 2849 perobscuris

265 2869 432 2936 maioribus
455 2873 548 2937 natus
563 2873 610 2936 ita
625 2890 680 2954 pro
697 2870 815 2936 Christi
842 2874 965 2936 nomine
981 2870 1127 2937 uniuerso
1142 2890 1238 2953 paene
1253 2869 1391 2934 hnmano

265 2975 370 3057 generi
408 2974 601 3040 admirabilis
635 2975 737 3040 laetus
776 2977 833 3057 est,
867 2977 904 3039 ut
936 2994 1006 3040 eum
1039 2975 1098 3056 ipsi
1131 2992 1252 3057 quoque
1286 2989 1389 3037 rerum

264 3077 472 3160 praesentium
496 3079 624 3164 domiui,
648 3079 702 3162 qui
725 3080 836 3144 mundi
858 3079 950 3144 huius
973 3080 1066 3161 atque
1089 3078 1214 3160 imperii
1235 3078 1389 3160 guberna·

264 3183 335 3250 cula
367 3183 537 3248 retinentes
571 3185 666 3248 etiam
700 3185 878 3266 potentibus
912 3183 1033 3248 eunetis
1063 3184 1250 3267 regibusque
1279 3181 1425 3245 terrorioo

262 3289 345 3366 sunt,
383 3287 473 3352 uelut
510 3287 670 3352 dominum
707 3291 895 3354 uenerantur
928 3291 961 3352 et
994 3287 1119 3352 oracula
1153 3287 1219 3351 eius
1253 3286 1291 3351 de
1323 3288 1391 3351 tam
1521 3274 1522 3277 '

263 3389 440 3475 longinquis
464 3392 644 3475 regionibus
668 3394 847 3474 expetentes
874 3391 1001 3475 imperii
1023 3392 1072 3456 sui
1087 3392 1208 3473 apicem
1224 3393 1254 3455 et
1270 3393 1390 3455 statum

263 3495 373 3560 salutis
408 3495 622 3579 bellorumque
655 3500 826 3578 prouentus
861 3495 951 3562 illius
985 3495 1178 3561 orationibus
1211 3495 1393 3577 meritisque

262 3601 470 3666 committant.

364 3865 553 3934 1mqm
655 3867 853 3934 emma

316 4115 449 4184 linquid
472 4116 526 4170 ΡΖ
627 4116 783 4170 inaniores
805 4116 845 4170 F¹
875 4117 1058 4172 senioran
1161 4117 1312 4186 iimperia
1340 4116 1393 4170 Iin-

262 4200 414 4269 plicuerunt
434 4201 597 4256 conlationes
615 4202 763 4256 menschen
781 4201 812 4256 F
904 4205 921 4256 6
939 4202 1033 4272 pendit
1049 4204 1077 4256 Z
1173 4205 1204 4256 11
1223 4203 1393 4271 persequuti·

261 4286 387 4341 onumO
487 4288 519 4342 13
537 4286 754 4358 despeeabiliso
849 4289 882 4343 14
899 4288 1051 4343 conditione
1070 4289 1119 4344 ΟΖ
1212 4289 1243 4342 ll
1262 4290 1393 4358 inponere
1521 4342 1522 4351 ,

264 4372 286 4427 0
385 4375 417 4427 18
435 4373 594 4428 conditionis
616 4373 666 4429 ΟΖ
762 4374 952 4444 oppropriisO
1051 4376 1085 4430 20
1101 4375 1241 4431 ioanneO
1338 4375 1393 4430 lico
1521 4398 1522 4431 r

264 4458 286 4514 0
387 4459 422 4512 22
439 4476 504 4528 pene
524 4460 572 4514 ΟΖ
674 4460 706 4514 24
729 4459 857 4530 adqueO
