3092 4967
535 466 697 523 seuleus
716 467 738 532 1,
758 467 867 522 ιε-ιε.
1221 439 1264 527 27

133 661 173 724 ut
196 642 284 723 mene
306 654 456 722 uitiorum
480 656 623 737 squalore
647 656 790 721 concreta
809 654 844 719 in
866 652 1024 720 carnalem
1045 656 1168 737 partem
1191 672 1262 719 mou

129 762 303 827 inclinetur
326 762 358 825 et
381 764 521 824 eonruat.

174 880 298 946 XVIII.
336 876 424 959 Quod
458 878 638 945 exercitium
672 878 773 945 cordis
809 896 870 945 non
905 878 1076 963 incongrue
1107 880 1262 944 molarum

127 984 339 1050 similitudini
355 986 553 1065 conparatur,
578 1001 653 1065 quae
670 984 792 1049 meatus
808 1000 957 1065 aquarum
973 998 1119 1066 praeceps
1140 982 1263 1067 impetu

103 1092 257 1154 erotants
279 1084 450 1171 prouoluit.
480 1104 557 1169 quae
580 1084 757 1151 nullatenus
782 1085 907 1170 quidem
930 1102 1049 1150 cessere
1071 1088 1200 1168 possunt
1222 1084 1262 1151 eb

127 1210 224 1275 opere
245 1209 300 1257 suo
324 1208 473 1274 aquarum
501 1188 679 1272 inpulsibus
710 1190 933 1255 circumactaer
966 1189 998 1253 in
1025 1189 1091 1254 eius
1112 1206 1186 1254 uero
1208 1191 1261 1271 qui

126 1298 257 1379 praeest
288 1295 383 1360 situm
418 1295 467 1360 est
499 1293 664 1376 potestate,
703 1294 884 1359 utrumnam
920 1290 1062 1360 triticum
1095 1292 1188 1357 malit
1220 1310 1262 1356 en

126 1399 282 1465 hordeum
309 1396 459 1463 loliumue
490 1396 671 1463 comminui.
710 1395 790 1461 illud
820 1398 932 1480 quippe
962 1398 1011 1460 est
1036 1395 1144 1477 procul
1167 1394 1261 1459 dubio

126 1500 380 1579 eoumoleudum,
411 1500 491 1585 quod
522 1500 680 1583 ingestum
705 1500 743 1565 ab
775 1498 830 1565 illo
859 1498 956 1565 inerit
979 1501 1028 1565 eui
1050 1498 1150 1583 operis
1172 1497 1260 1564 illius

90 1631 116 1671 ιο
129 1623 210 1670 cura
223 1605 390 1669 commisse
404 1607 462 1670 est.
493 1602 541 1667 ite
554 1602 654 1685 igitur
676 1602 770 1667 etiam
793 1620 883 1668 mens
905 1621 960 1684 per
982 1602 1066 1667 uitae
1087 1600 1291 1685 praesentiat

125 1709 276 1773 incursus
307 1706 444 1790 undique
474 1708 692 1791 ingruentibus
719 1707 965 1789 temptationum
988 1704 1177 1772 torrentibus
1199 1708 1260 1770 cir·

127 1814 276 1875 cumacta
298 1828 397 1876 uacua
420 1810 546 1893 quidem
570 1809 796 1894 cogitationum
813 1808 950 1875 aestibus
968 1827 1036 1875 esse
1051 1825 1112 1874 non
1125 1808 1259 1891 poterit:

126 1912 238 1996 quales
269 1932 341 1978 uero
371 1914 423 1978 uel
456 1912 601 1978 amittere
630 1913 683 1978 uel
711 1930 820 1996 parare
849 1912 909 1977 eibi
942 1909 1064 1988 debeat,
1093 1910 1191 1976 studii
1224 1928 1262 1977 ec

125 2016 314 2101 diligentiae
346 2034 419 2082 suae
441 2015 615 2098 prouidebit
644 2016 809 2081 industrie.
849 2015 876 2080 si
898 2015 984 2080 enim
1005 2015 1043 2080 ut
1065 2014 1197 2080 diximus
1221 2015 1260 2080 ed

91 2122 310 2189 resanatarum
340 2120 566 2201 seripturarum
597 2120 835 2185 meditationem
864 2118 982 2202 ingiter
1008 2136 1202 2184 recurramus
1225 2136 1261 2183 ac

124 2223 313 2287 memoriam
347 2225 487 2287 nostram
520 2220 559 2287 ad
592 2220 838 2289 recordationem
872 2218 1062 2304 spiritalium
1092 2240 1198 2286 rerum
1228 2224 1261 2286 et

124 2324 317 2390 desiderium
339 2322 538 2407 perfectiouis
561 2342 707 2408 spemque
730 2324 855 2389 futurae
871 2322 1076 2389 beatitudinis
1091 2324 1259 2407 erigemus,

123 2446 254 2494 necesse
276 2430 325 2493 est
347 2431 384 2493 ut
407 2430 491 2495 ortae
514 2428 717 2513 cogitationes
741 2428 851 2494 exinde
874 2428 1031 2510 spiritales
1054 2428 1086 2492 in
1108 2426 1158 2493 hie
1181 2446 1259 2512 quae

124 2530 276 2597 meditati
307 2550 414 2597 sumus
445 2536 584 2597 mentem
615 2532 734 2597 iaciant
762 2530 923 2607 inmorari.
961 2532 1008 2597 eiu
1037 2546 1110 2596 uero
1140 2530 1290 2599 desidia3

91 2654 182 2701 rosen
216 2634 417 2719 neglegentia
449 2634 584 2717 superati
623 2634 710 2701 uitiis
744 2637 776 2700 ot
810 2634 918 2700 otiosis
954 2632 1258 2699 confabulationibus
1322 2712 1326 2720 Ι

124 2756 313 2821 occupemur
335 2756 390 2802 seu
413 2740 495 2805 curis
518 2740 684 2804 mundanis
700 2740 731 2804 et
748 2737 912 2822 superfluis
927 2736 1193 2804 sollicitudinibus
1209 2739 1259 2804 iu·

123 2842 293 2926 plicamur,
322 2844 540 2925 cousequenter
563 2843 671 2908 exinde
693 2842 784 2908 uelut
805 2842 956 2923 quaedam
978 2840 1163 2907 zizaniorum
1187 2858 1259 2925 spe·

124 2944 194 3010 cies
224 2945 373 3028 generata
402 2946 612 3030 operationem
639 2962 759 3029 quoque
782 2948 888 3012 nostro
910 2944 996 3011 cordi
1017 2944 1140 3010 noxium
1164 2946 1260 3010 mini·

123 3046 254 3124 amabit,
285 3048 317 3112 et
339 3048 507 3113 secuudum
530 3048 716 3113 senteutiam
746 3046 867 3113 domiui
891 3048 1057 3113 saluatoris
1079 3046 1134 3114 ubi
1163 3048 1259 3113 fuerit

89 3150 296 3217 athesaums
326 3168 451 3235 operum
482 3169 536 3216 seu
558 3151 741 3219 intentionis
764 3153 896 3236 nostrae,
920 3150 965 3218 ibi
988 3155 1018 3218 et
1042 3168 1094 3216 eor
1115 3153 1258 3216 nostrum

124 3256 303 3320 necessario
326 3254 530 3337 permanebit.

169 3374 310 3443 XVIIII.
333 3373 419 3441 Illud
441 3392 514 3441 saue
536 3392 608 3457 prae
631 3372 775 3439 omnibus
797 3390 887 3439 nosse
913 3375 1062 3440 debemus
1088 3374 1152 3439 tria
1174 3375 1259 3457 cogi·

125 3480 287 3547 tatiounm
317 3481 494 3545 nostrarum
517 3496 584 3545 esse
607 3476 769 3561 principia,
799 3477 831 3543 id
854 3482 903 3543 eet
926 3496 962 3542 ex
983 3480 1049 3554 deo,
1074 3494 1109 3542 ex
1131 3476 1255 3543 diabolo

125 3588 160 3649 et
183 3602 220 3649 ex
250 3582 348 3649 uobis.
383 3583 415 3649 et
445 3601 479 3647 ex
505 3584 560 3647 deo
583 3580 708 3664 quidem
731 3584 816 3663 sunt,
840 3599 912 3645 oum
934 3581 1062 3664 spiritus
1084 3584 1185 3649 sancti
1208 3580 1259 3647 iu-

234 3803 320 3861 aaut.
338 3803 388 3859 Mt.
406 3804 431 3871 6,
449 3804 483 3859 21

179 4012 196 4065 'l
215 4008 296 4063 malit
313 4024 346 4065 scr
363 4008 453 4063 mollit
476 4008 514 4064 W
624 4008 722 4063 sullus
741 4006 770 4061 D
881 4006 1130 4063 bronmoliendum
1148 4006 1188 4063 1)ι

124 4107 161 4161 13
178 4105 305 4161 amittere
320 4103 375 4158 D‘:
405 4101 547 4157 admittere
565 4102 698 4159 12¹va
793 4102 827 4155 15
843 4104 950 4156 sectarii
968 4102 1006 4156 W
1088 4100 1138 4157 hae
1153 4103 1192 4157 W

123 4208 160 4263 23
180 4205 259 4262 eorde
276 4206 353 4261 noxie
369 4204 411 4260 D²
496 4205 531 4259 25
549 4190 691 4291 teutmarus
708 4204 739 4259 D
829 4205 992 4259 intentiones
1008 4205 1050 4260 1>¹
1142 4204 1176 4259 ti
1194 4204 1259 4259 illut

124 4310 155 4365 D
256 4308 291 4362 28
307 4298 413 4363 mebdlo
430 4309 460 4364 D
552 4308 586 4363 29
604 4311 632 4363 et
649 4322 679 4363 er
697 4309 746 4364 deo
762 4307 806 4362 D:
836 4322 868 4362 ex
884 4308 934 4365 deo
949 4306 1037 4364 WXo
1055 4308 1090 4375 cs.
1109 4307 1170 4375 111,
1188 4312 1214 4375 4,
1233 4314 1258 4363 1.

126 4410 154 4471 9,
174 4410 199 4458 1.
220 4400 347 4467 1111,3.
372 4402 443 4471 V‚l‚
462 4406 486 4457 l.
509 4402 785 4469 V111,8‚2.17‚1
