3092 4967
510 414 673 470 Conlatio
695 415 791 481 XIIII,
810 416 920 472 12-13.
1212 419 1276 484 416

151 607 209 673 ille
236 606 349 691 quibus
375 608 415 673 ab
442 603 579 671 infantie
604 605 717 670 inbuta
743 606 793 671 est
819 605 1001 672 oonlabetur
1028 623 1125 689 eaque
1153 625 1277 691 semper

151 710 294 779 reuoluat
320 727 399 793 ques
426 709 521 792 longo
554 725 614 772 usn
642 725 679 773 eo
707 707 912 776 meditatione
945 708 1096 793 oonoepit.
1133 711 1170 775 nt
1202 711 1305 794 ergo3

151 814 227 880 besa
246 814 282 879 in
301 813 335 880 te
355 811 489 878 seientia
510 810 661 895 spiritalis
682 816 834 894 perpetua
855 810 1015 879 soliditate
1036 811 1199 880 roboretur
1219 833 1277 880 neo

150 937 186 984 ea
206 917 272 983 iem
295 916 482 999 temporarie
503 913 673 999 pertruaris
686 915 773 1000 aient
787 915 838 981 illi
853 915 908 998 qni
926 907 995 982 saur
1009 934 1072 982 non
1087 934 1143 982 suo
1158 917 1273 998 studio,

131 1025 204 1088 seed
226 1021 330 1088 aliena
350 1019 503 1085 relatione
535 1017 721 1101 oontingunt
742 1020 775 1083 et
797 1018 884 1084 uelut
913 1019 996 1085 atrio
1019 1019 1056 1085 nt
1077 1021 1123 1086 Ite
1145 1019 1277 1086 dixerim

149 1125 244 1191 odore
266 1123 452 1212 percipiunt,
474 1121 528 1188 sed
550 1126 587 1187 nt
608 1123 751 1188 sensibus
765 1121 829 1188 tais
844 1121 1034 1189 inuisoersta
1050 1123 1276 1206 quodammodo

147 1232 181 1294 et
207 1228 368 1311 perspeote
394 1227 488 1310 etque
514 1225 642 1308 palpate
669 1225 829 1306 medetur,
856 1225 938 1291 illud
965 1227 1050 1292 omni
1078 1226 1277 1294 obseruantia

147 1329 308 1397 eustodire
335 1334 368 1395 te
397 1329 554 1410 oonuenit,
584 1333 620 1394 nt
640 1328 763 1395 etiamsi
786 1347 823 1395 ea
845 1347 923 1414 quae
950 1330 1068 1413 optime
1090 1331 1174 1397 nosti
1196 1331 1276 1399 lorte

149 1434 287 1500 audieris
319 1433 353 1498 in
386 1432 561 1499 oonlatione
594 1432 735 1517 proferri,
769 1450 832 1499 non
864 1453 899 1499 er
928 1433 987 1499 boo
1015 1433 1098 1516 quod
1124 1433 1184 1500 tibi
1211 1435 1277 1501 iem

117 1541 225 1604 renota
247 1537 311 1602 sint
332 1539 531 1619 aspernenter
552 1534 773 1619 fastidioseque
795 1535 957 1619 sonipes,
981 1536 1035 1602 ssd
1057 1553 1094 1602 ee
1116 1536 1200 1604 oordi
1222 1541 1277 1604 tuo

150 1641 209 1707 illa
231 1639 384 1707 auiditate
406 1639 602 1721 oonmendes,
618 1656 680 1721 qua
693 1638 808 1706 debent
821 1638 1042 1707 desiderabilia
1056 1640 1167 1707 salutis
1182 1641 1277 1708 uerba

151 1745 200 1811 uel
225 1742 354 1811 auribus
376 1743 491 1808 nostris
512 1740 727 1808 indesinenter
754 1741 879 1808 inlundi
901 1742 953 1808 uel
975 1742 1014 1809 de
1036 1747 1140 1810 nostro
1162 1747 1277 1830 ingiter

149 1867 201 1913 ore
238 1847 381 1930 proferri.
432 1845 576 1928 quamuis
612 1845 695 1910 enim
732 1845 918 1912 adhibeatur
957 1849 1135 1912 muoternm
1172 1844 1308 1914 rorum4

151 1952 260 2018 oreore
280 1949 428 2026 narratio,
451 1966 624 2032 numquam
645 1950 752 2013 temen
775 1951 895 2016 enimes
917 1947 1006 2014 sitim
1020 1967 1112 2017 neree
1128 1953 1277 2018 seientiee

119 2055 322 2120 ssustIneuti
347 2051 480 2119 satietas
508 2052 671 2136 generabit
700 2053 868 2131 horrorem,
898 2053 954 2118 sed
983 2071 1021 2119 ee
1048 2055 1161 2121 eotidie
1188 2057 1278 2122 uelut

151 2177 235 2225 noue
267 2176 304 2224 eo
336 2157 510 2224 desiderata
542 2155 714 2240 suseipieus
748 2157 865 2239 quanto
901 2157 1096 2240 frequentius
1128 2157 1277 2242 hauserit,

150 2265 241 2328 tento
262 2259 387 2327 auidius
408 2262 460 2325 uel
482 2260 588 2325 audiat
608 2260 660 2324 nel
686 2260 831 2343 loquetur
845 2262 877 2324 et
891 2260 1157 2327 oonfirmetionem
1172 2262 1277 2344 potius

149 2367 315 2449 perceptae
349 2363 495 2429 seientiae
532 2381 568 2428 er
605 2380 711 2428 eorum
747 2362 934 2444 repetitione
972 2382 1065 2446 quam
1102 2363 1203 2429 ullum
1240 2385 1277 2432 ex

150 2467 308 2552 frequenti
338 2467 441 2549 oepiet
476 2465 651 2531 oonletione
686 2465 857 2532 fastidium.
903 2464 1032 2530 euidens
1065 2484 1197 2548 nemque
1230 2470 1278 2533 est

117 2571 276 2656 sotepidee
300 2588 336 2636 aa
358 2570 508 2652 superbae
529 2570 643 2633 mentis
665 2566 827 2648 inditium,
851 2568 879 2633 ei
900 2567 1067 2634 uerborum
1089 2568 1275 2636 salutarium

149 2675 340 2741 medicinam
383 2671 528 2756 quamuis
570 2671 675 2737 studio
718 2671 837 2736 nimiae
877 2670 1078 2737 adsiduitate
1120 2673 1276 2756 ingestam

149 2777 310 2844 bstidiose
339 2778 600 2861 neglegenterque
628 2773 792 2858 suseipiet:
825 2775 961 2840 anime
994 2775 1078 2840 enim
1109 2794 1207 2860 quae
1240 2778 1277 2843 in

150 2881 348 2949 satietate
377 2883 436 2946 est
463 2879 574 2946 leuis
603 2879 773 2957 inludit,
805 2878 959 2944 animae
985 2881 1118 2945 eutem
1144 2881 1278 2963 egenti

151 2985 273 3050 etiam
298 3001 429 3050 amara
450 2982 583 3050 duleia
604 2982 807 3048 uidentur.
837 2983 865 3048 si
886 2983 993 3064 itaque
1014 2981 1089 3050 haee
1111 2981 1307 3069 diligenterb

116 3089 280 3171 sexeepte
311 3091 344 3153 et
375 3088 411 3152 in
443 3104 565 3154 reoessu
596 3088 712 3154 mentis
745 3087 867 3152 eondita
894 3087 987 3168 etque
1016 3086 1134 3152 indiote
1160 3087 1277 3153 luerint

151 3191 369 3257 taciturnitate
395 3189 531 3272 signate,
560 3190 668 3271 postea
693 3191 732 3254 nt
756 3189 833 3255 nine
860 3189 1011 3271 quaedam
1039 3207 1135 3256 suaue
1161 3188 1277 3256 olentis

152 3296 185 3360 et
204 3294 410 3361 laetificantis
431 3311 484 3360 eor
504 3293 648 3374 hominis,
672 3309 744 3358 oum
766 3310 914 3358 sensuum
930 3292 1045 3358 mnitie
1060 3295 1092 3358 et
1105 3293 1276 3377 patientiae

152 3397 273 3464 inerint
300 3398 459 3463 uetustate
488 3398 625 3476 dorseta
647 3415 719 3463 oum
740 3413 854 3480 magna
875 3397 926 3461 sui
946 3395 1120 3481 fragrante
1141 3397 1180 3463 de
1201 3415 1276 3462 nese

254 3625 290 3681 22
306 3625 387 3682 Pras.
403 3625 446 3693 at,
464 3625 480 3680 'l
499 3625 596 3695 (LXX)

206 3840 347 3894 limbute
360 3841 427 3892 ΣΠ
526 3840 627 3894 these
644 3855 709 3910 ergo
727 3842 752 3892 Τ
849 3840 1029 3895 3solidatete
1047 3841 1077 3892 Π
1172 3839 1276 3892 Item

152 3941 215 3994 pore
232 3927 258 3977 Τ
340 3926 471 3981 breletio
488 3927 528 3978 11¹
619 3925 865 3996 dqnoddemmodo
882 3925 940 3977 Πιλ
1008 3925 1154 3995 'lpellieta
1172 3927 1208 3978 t'²

153 4011 341 4066 obseruatione
357 4014 384 4064 ‘l'
477 4009 614 4066 bobtime
631 4011 658 4064 0
753 4009 908 4080 tlprolerre
926 4011 955 4062 Π
1052 4011 1085 4065 10
1103 4015 1167 4066 sunt
1184 4014 1210 4064 Τ

155 4097 188 4151 14
214 4096 292 4150 noae
317 4096 348 4148 rr
455 4096 729 4152 teramnensem
832 4096 952 4165 quaerore
979 4083 1038 4148 οΙ
1105 4096 1139 4150 ar
1166 4095 1274 4164 armies]

152 4183 299 4236 euimeeH
381 4181 645 4252 22neolegsuterqne
658 4184 686 4235 Σ
777 4181 902 4252 idianis]
914 4181 1018 4236 iamir
1105 4183 1276 4237 tl'nidenter

154 4266 194 4319 Πι
303 4267 337 4322 25
362 4271 391 4322 et
417 4283 468 4323 ose.
496 4270 521 4320 Τ
618 4267 723 4322 indiete
748 4268 823 4323 ll‘r:
851 4268 941 4322 indite
965 4269 1025 4324 reti.
1131 4269 1165 4322 27
1192 4283 1274 4338 qurum

156 4352 181 4404 0
282 4353 396 4408 eenitiee
415 4355 443 4405 Σ
544 4355 579 4408 28
595 4353 741 4422 flagrantia
758 4354 821 4405 ΣΠ
825 4355 851 4406 i'
876 4353 1086 4423 trenglentiaO
