3092 4967
429 487 590 542 Conlatio
613 487 702 556 XVII,
721 491 829 545 14-17.
1128 495 1193 561 475

84 697 169 762 neque
190 680 275 746 enim
297 679 459 745 abicienda
480 683 554 744 sunt
576 678 758 745 testimonia
779 678 1006 762 seripturarum
1028 699 1065 746 aa
1081 683 1119 746 de
1134 700 1191 747 suo

83 801 192 866 corpore
219 783 344 865 penitus
373 783 560 862 abradenda,
591 783 703 866 quibus
729 783 780 846 uel
802 782 1027 849 baereticorum
1049 786 1189 867 prauitas

82 888 225 952 animatur
245 887 299 954 nol
321 886 506 952 Indaeorum
532 885 699 952 infidelitas
720 887 892 952 obduratur
914 888 964 952 uel
987 892 1091 954 tumor
1105 891 1189 973 sapi·

82 991 171 1056 entiae
191 990 319 1074 gentilis
342 989 518 1070 offenditur,
545 991 597 1054 sed
620 989 729 1071 utique
751 993 784 1054 et
805 990 856 1074 pie
877 991 1027 1057 credenda
1041 995 1073 1057 ct
1088 991 1188 1058 innuo·

63 1093 174 1158 rbiliter
187 1098 260 1159 sunt
274 1095 408 1160 tenenda
422 1098 454 1159 et
468 1091 639 1160 secundnm
653 1094 797 1158 ueritatis
814 1095 955 1176 regulam
971 1095 1187 1177 praedicanda.

81 1200 108 1261 et
127 1201 234 1264 ideireo
257 1215 317 1263 non
340 1198 488 1262 debemus
507 1197 626 1263 alienae
639 1197 835 1262 infidelitatis
850 1196 979 1264 obtentu
995 1193 1219 1283 οἰκονομίας,2

79 1300 106 1363 id
126 1305 171 1366 est
191 1300 437 1385 dispensationes
462 1301 681 1384 prophetarum
696 1305 791 1382 atque
806 1305 982 1367 sanctorum
998 1320 1073 1384 quas
1089 1302 1187 1387 scrip·

79 1410 142 1466 tura
160 1407 368 1469 conmemorat
390 1404 541 1474 abdicare.
570 1421 618 1482 ne,
641 1406 715 1468 dum
738 1403 916 1470 infirmitati
939 1421 1044 1470 eorum
1074 1407 1189 1470 cende·

80 1507 212 1572 mandere
243 1507 354 1574 debere
382 1525 437 1572 nos
459 1506 627 1582 credimus
655 1524 716 1572 nou
749 1507 850 1572 solum
884 1507 1045 1590 mendacii,
1078 1527 1188 1574 uarum

53 1611 161 1674 tretium
175 1611 331 1694 sacmlegii
346 1609 478 1675 erimine
492 1607 686 1692 polluamur:
708 1611 761 1674 sed
778 1611 1035 1692 quemadmodum
1053 1610 1187 1676 diximus

79 1716 186 1793 eportet
213 1732 269 1780 nos
297 1733 333 1779 ee
359 1717 391 1779 et
420 1713 587 1779 seeundum
621 1713 783 1778 historiam
812 1715 949 1779 confiteri
978 1717 1010 1778 at
1039 1715 1186 1796 quemad·

77 1816 190 1881 nodum
227 1817 278 1901 pie
313 1822 403 1899 gesta
437 1818 503 1882 sint
539 1818 710 1900 explanare.
753 1818 891 1882 ceterum
929 1817 977 1882 bis
1011 1820 1064 1900 qui
1097 1816 1218 1902 praui3

77 1920 211 2002 propositi
245 1923 320 1985 sunt
351 1937 410 1985 non
441 1939 476 1986 ex
509 1921 568 1985 boc
599 1919 772 1986 mentiendi
806 1920 910 1986 aditus
937 1920 1126 1995 obstruetur,
1160 1922 1189 1986 si
1214 1938 1238 2012 Ἰ

77 2040 171 2088 aarum
198 2042 302 2088 rerum
331 2042 409 2105 quas
439 2025 489 2088 uel
512 2025 664 2106 prolaturi
690 2042 799 2088 sumus
820 2024 871 2088 nel
895 2023 1083 2107 protulimus
1106 2024 1188 2089 ueri-

52 2129 164 2190 statam
192 2129 249 2192 aut
274 2129 400 2209 penitus
433 2128 585 2210 abnegare
610 2131 666 2192 aut
695 2131 860 2193 extenuare
888 2127 1060 2210 allegoricis
1092 2129 1188 2192 inter·

77 2228 291 2307 pretationibns
313 2230 498 2296 laboremus.
537 2231 609 2314 quid
633 2230 718 2296 enim
733 2230 799 2296 illis
814 2230 922 2294 horum
939 2230 1186 2296 testimoniorum

76 2332 186 2397 nocebit
221 2336 402 2413 auctoritas,
444 2334 555 2416 quibus
590 2333 685 2399 etiarn
721 2334 787 2398 sole
823 2333 979 2415 corruptio
1017 2335 1188 2400 uoluntatis

76 2435 179 2501 suffieit
199 2437 238 2502 ad
261 2437 473 2519 peccandum?

110 2556 206 2624 XVII.
228 2557 340 2639 Itaque
367 2557 476 2622 taliter
501 2556 539 2621 de
568 2557 728 2623 mendacio
750 2559 945 2624 sentiendum
970 2559 1062 2640 atque
1084 2559 1130 2623 ita
1153 2577 1187 2623 eo

50 2659 212 2724 autandum
235 2665 292 2738 est,
316 2660 405 2744 quasi
427 2661 589 2726 naturaei
612 2661 687 2725 insit
705 2661 841 2727 ellebori.
877 2661 958 2743 quod
974 2664 1000 2727 si
1016 2661 1188 2725 inminente

76 2763 182 2828 exitiali
211 2763 319 2829 morbo
350 2766 510 2847 sumptum
538 2762 642 2836 luerit,
671 2763 709 2828 fit
737 2763 871 2839 salubre,
904 2767 1040 2830 ceterum
1071 2763 1187 2846 absque

76 2868 177 2931 summi
199 2866 388 2934 discriminis
410 2867 595 2932 necessitate
616 2867 795 2950 perceptum
818 2867 990 2948 praesentis
1018 2866 1105 2930 exitii
1129 2869 1186 2930 est.

75 2967 261 3052 iterumque
291 2969 387 3035 etiam
420 2972 543 3036 sanatos
565 2989 601 3034 ac
622 2970 858 3053 probatissimos
881 2971 938 3034 deo
961 2971 1043 3034 uiros
1067 2967 1188 3034 utiliter

76 3069 195 3154 legimns
223 3091 296 3138 usos
324 3073 420 3137 fuisse
449 3074 622 3150 mendacio,
652 3079 689 3138 ut
714 3091 777 3137 nnn
800 3072 902 3137 selum
925 3072 1049 3137 nullum
1072 3059 1107 3135 ex
1130 3072 1188 3136 hoc

50 3177 180 3254 spotti
197 3174 315 3241 crimen
329 3177 529 3257 incurrerint,
546 3194 654 3240 uerum
670 3176 764 3240 etiam
780 3193 936 3239 suminam
951 3175 1013 3239 sint
1028 3173 1185 3238 iustitiam

76 3282 230 3345 consecuti:
254 3279 366 3362 quibus
389 3278 415 3343 si
437 3279 571 3362 gloriam
593 3277 696 3362 potuit
718 3277 857 3342 conferre
879 3277 1014 3350 fallacia,
1045 3275 1119 3358 quid
1141 3277 1186 3340 eis

118 3567 133 3620 3
154 3568 297 3622 obturatur
320 3569 354 3620 ll
462 3569 482 3622 4
504 3566 620 3636 gentiles
642 3565 681 3618 Π1
784 3567 801 3621 6
824 3569 1009 3623 etrerowac
1031 3567 1060 3617 Σ
1087 3563 1188 3620 orlrruo-

76 3665 135 3706 nnc
148 3654 178 3706 Π
203 3655 369 3708 ortormxrse
385 3655 412 3705 Y
438 3653 587 3707 oeenemias
605 3652 631 3706 0
734 3653 749 3706 'l
772 3655 841 3722 prol.
863 3655 891 3706 ll
993 3651 1078 3720 adque
1095 3650 1121 3704 0

77 3737 198 3793 scribtura
209 3737 265 3792 ΤΟ
345 3739 569 3792 BeondeseereZ
585 3737 786 3793 condiscandere
799 3741 833 3792 T'
922 3739 954 3792 12
965 3741 1031 3791 sunt
1042 3735 1120 3791 llOc

77 3821 104 3874 1³
118 3826 245 3878 extruitur
264 3825 292 3876 Σ
390 3824 421 3878 l'l
440 3822 590 3892 uoluptatis
607 3823 666 3877 ΠΟ
770 3825 803 3878 12
820 3823 925 3878 suffecit
942 3823 980 3875 Π·
1079 3821 1112 3878 ud
1130 3838 1188 3892 pec·

77 3907 175 3962 nandum
193 3925 244 3964 om.
263 3909 314 3963 lle
341 3908 374 3962 ad
393 3910 531 3978 pecatum
550 3908 576 3962 0
662 3909 695 3964 12
711 3925 769 3964 sert
787 3909 936 3988 distinprcit
954 3910 979 3959 Τ
1062 3923 1092 3962 eo
1111 3911 1187 3962 uten-

76 3989 139 4063 dum]
157 3995 314 4048 contendum
335 3995 392 4048 ΠΟ
481 3993 516 4048 20
533 3994 571 4048 sit
588 3995 617 4046 Σ
708 3996 740 4049 21
758 3993 893 4048 exitiabili
912 3995 937 4047 0
1022 3996 1142 4048 sumtum
1161 3995 1189 4044 Σ

77 4075 97 4127 0
122 4085 223 4149 sumpto
240 4081 280 4133 11¹
377 4080 413 4133 22
429 4079 602 4134 ueniabiliter
618 4079 728 4134 uros
828 4079 863 4134 24
880 4094 944 4133 urus
960 4079 991 4130 Π
1086 4082 1186 4134 utnon

76 4163 149 4218 solun
161 4201 287 4219 ........
296 4180 361 4236 pop.
374 4168 467 4230 476st
484 4167 586 4219 ueritas
603 4166 742 4220 intulisset
758 4181 810 4219 om.
827 4165 857 4218 Π
860 4164 936 4220 Yon
1009 4165 1041 4218 ἀπ
1058 4166 1086 4217 Σ
1102 4166 1188 4219 uerbo

76 4247 168 4305 nullum
193 4269 223 4307 er
248 4252 299 4306 boe
308 4287 402 4304 ......
412 4251 483 4305 sieut
508 4250 572 4305 raab
598 4253 675 4306 enine
701 4268 760 4306 eum
789 4267 841 4306 nou
863 4253 956 4316 solum,
983 4267 1053 4318 puae
1074 4255 1188 4319 propter

77 4331 269 4402 inmemor
286 4353 340 4392 non
359 4337 445 4392 selum
465 4340 564 4392 mutata
578 4337 701 4405 imant,
722 4354 741 4392 a
756 4353 831 4392 mon.
850 4340 870 4392 2
887 4336 986 4392 addila
1002 4343 1067 4391 aunt
1080 4337 1188 4406 purtim

77 4433 150 4489 upra
166 4425 274 4491 lineam,
288 4426 394 4494 partim
411 4427 442 4480 in
459 4427 582 4495 marpissa
599 4425 733 4491 trifariore
