3092 4967
508 441 670 498 conlatio
692 439 797 503 xxnn
815 441 908 494 9-11.
1208 439 1272 506 655

146 634 235 700 uitae
257 593 351 699 linem
374 633 515 698 aestibus
537 631 694 696 inuolutcs
722 630 816 696 etiam
840 629 923 710 ipsas
937 627 1180 711 supplicationes
1196 645 1268 693 suas

145 737 253 804 ollerre
286 756 318 802 se
353 737 419 802 sine
456 735 684 819 cogitationum
720 734 876 798 anxietate
911 751 973 798 non
1009 750 1104 813 posse.
1146 731 1301 814 experti2

143 840 246 925 igitur
268 858 302 904 se
324 839 469 906 humanis
491 838 612 904 uiribus
634 836 844 904 desideratum
866 835 959 902 linem
983 837 1152 902 obsistente
1166 836 1268 900 carnis

144 943 268 1006 sarcina
297 939 460 1023 adtingere
490 957 551 1004 non
581 937 684 1003 ualere
707 955 806 1020 neque
828 937 878 1004 illi
899 937 1063 1020 praecipuo
1086 956 1269 1021 summoque

120 1044 224 1112 ebeno
256 1042 428 1109 secundum
458 1041 558 1107 cordis
581 1041 631 1107 sui
654 1040 844 1108 desiderium
866 1057 956 1123 posse
979 1042 1130 1126 coniungi,
1154 1044 1206 1107 seul
1229 1042 1270 1106 ab

144 1147 210 1212 eins
232 1147 351 1212 intuitu
373 1145 515 1229 captiuos
537 1145 576 1210 ad
599 1145 760 1210 mundana
789 1144 959 1228 transduci,
990 1145 1029 1210 ad
1049 1147 1185 1228 gratiam
1207 1143 1268 1220 dei,

143 1251 210 1332 qui
233 1249 373 1331 impios
396 1248 622 1330 iustificat,
656 1249 856 1314 conuolantes
887 1265 959 1314 cum
992 1250 1130 1329 apostolo
1163 1249 1269 1330 prote·

142 1353 285 1418 stanter:
308 1352 450 1419 infelix
473 1371 544 1437 ego
563 1350 689 1418 homo:
713 1350 803 1434 quis
825 1369 882 1418 me
904 1351 1102 1418 liberabit
1122 1350 1168 1418 ule
1190 1369 1267 1416 cor-

142 1455 543 1538 poremortishuinsi
565 1455 779 1539 gratiadsi
795 1454 1072 1538 perdominum
1088 1459 1268 1520 nostrum

105 1559 271 1630 rolesum
308 1557 519 1625 Christum.
564 1559 702 1624 sentiunt
735 1558 819 1624 enim
853 1577 887 1624 se
920 1558 1037 1624 bonum
1069 1558 1155 1624 istud
1187 1559 1267 1638 quod

139 1661 254 1728 uolunt
282 1681 342 1728 non
365 1679 456 1743 posse
476 1661 631 1744 perlicere,
653 1663 707 1728 sed
729 1664 763 1726 in
786 1661 867 1728 illud
889 1664 970 1744 quod
992 1662 1104 1726 nolunt
1125 1661 1267 1742 quodque

139 1768 275 1832 oderunt
295 1765 426 1842 malum,
449 1765 481 1831 id
497 1768 545 1830 est
560 1766 783 1850 cogitationum
803 1767 907 1830 motus
922 1765 975 1830 uel
989 1782 1078 1830 curas
1094 1763 1267 1828 carnalium

139 1888 246 1934 uerum
268 1887 390 1951 semper
411 1869 578 1936 incurrere.

184 1990 241 2054 XI.
279 1989 321 2054 Et
357 1989 608 2057 condelectantur
651 1991 777 2073 quidem
824 1989 905 2073 legi
950 1989 1012 2056 dei
1055 1987 1267 2054 secundum

106 2091 384 2160 reinteriorem
407 2091 617 2174 hominem,
641 2096 693 2177 qui
716 2094 857 2161 nisibilia
877 2094 1025 2158 uniuersa
1046 2092 1267 2158 uansoendens

140 2195 272 2260 conatur
294 2197 351 2260 deo
374 2195 433 2260 soli
457 2215 580 2278 semper
603 2198 694 2282 uniri,
722 2199 778 2264 seul
800 2198 911 2263 uident
933 2197 1054 2262 aliurn
1076 2197 1204 2278 legem
1225 2196 1267 2258 in

139 2296 331 2364 membris
374 2301 473 2382 suis,
510 2299 541 2365 io
580 2303 630 2366 est
665 2301 698 2366 in
735 2305 847 2366 natura
886 2301 1040 2365 humanae
1077 2298 1266 2365 condicionis

139 2400 301 2478 insertam,
336 2419 413 2484 quae
444 2421 666 2486 repugnans
698 2403 783 2487 legi
806 2395 952 2471 mentis
975 2422 1081 2468 eornm
1104 2402 1266 2487 captiuum

139 2503 294 2586 pertrahit
316 2523 442 2570 sensum
465 2507 603 2572 uiolenta
623 2507 694 2591 lege
715 2509 845 2590 peccati,
862 2507 1041 2590 conpellans
1056 2507 1179 2572 scilicet
1194 2523 1265 2572 eum

105 2605 250 2672 sorelicto
272 2606 327 2672 illu
349 2609 515 2692 principali
537 2607 617 2678 bono
640 2612 764 2676 terrena
787 2610 976 2698 cogitatione
998 2609 1153 2676 submitti.
1188 2612 1298 2692 quae2

140 2709 284 2792 quamuis
313 2713 486 2778 necessaria
514 2715 607 2795 atque
636 2713 726 2778 utilis
756 2713 911 2791 uideatur,
939 2732 1012 2778 cum
1034 2712 1266 2794 dispensatione

139 2812 305 2896 religiosae
320 2813 492 2897 cuiuspiam
509 2817 707 2882 necessitatis
723 2817 913 2899 inpenditur,
929 2816 1149 2898 conparatione
1159 2819 1265 2880 tamma

141 2915 228 2980 illius
251 2916 331 2995 boni,
366 2920 448 2999 quod
470 2924 648 2984 sanctorum
671 2919 810 2986 omnium
836 2920 975 2987 oblectat
997 2919 1160 2998 intuitum,
1182 2917 1266 2983 mala

141 3017 252 3100 utique
280 3017 319 3083 ab
350 3021 394 3085 sis
424 3039 459 3086 ac
488 3020 637 3106 fugienda
665 3025 851 3103 decernitur,
879 3026 954 3106 quia
974 3042 1029 3106 per
1050 3041 1120 3088 eam
1142 3037 1264 3104 quoquo

106 3121 235 3191 samolo
254 3120 306 3184 uel
328 3122 367 3188 ad
388 3123 545 3190 medicum
566 3127 690 3207 tempus
713 3125 752 3192 ab
774 3126 861 3192 illins
881 3127 1039 3210 perfectae
1060 3123 1265 3190 beatitudinis

144 3410 205 3465 161
246 3325 365 3465 igom.
388 3325 455 3390 4‚b
555 3328 572 3382 8
599 3327 674 3382 Rom.
699 3329 723 3394 7,
748 3328 852 3383 24-25
953 3329 986 3383 14
1013 3328 1089 3382 Rom.
1116 3328 1140 3394 l,
1163 3327 1197 3381 22

206 3427 253 3465 ,a
290 3413 295 3430 ¹
1082 3430 1085 3436 ·

197 3599 473 3672 lsubplioationeep
544 3602 749 3658 ·2anorietate
767 3603 809 3658 Κι
903 3605 1077 3676 ladtingere
1095 3622 1148 3660 non
1166 3605 1264 3675 ualere]

143 3701 195 3740 non
224 3701 299 3755 posse
325 3687 537 3758 contingeretur
639 3690 807 3759 licaptiuus
833 3690 874 3745 K¹
975 3692 1145 3747 8liberauit
1170 3691 1198 3746 B

141 3771 158 3825 9
187 3771 327 3826 dominum
353 3774 483 3842 nostrum]
512 3777 546 3828 on
573 3774 604 3828 F
703 3792 750 3846 per
776 3776 864 3831 Iesum
891 3777 1030 3834 ebriatum
1056 3777 1191 3832 dominum
1217 3793 1265 3831 no·

140 3861 263 3912 strumo
363 3859 610 3931 llinom.0llc
714 3862 746 3916 12
764 3859 920 3933 ιιοΙ]ο1βν
1021 3878 1111 3918 comm
1132 3862 1197 3932 θβυ

140 3943 317 4012 corporalium
335 3944 374 4013 llo
457 3945 490 4000 13
507 3947 648 4018 incurrens
666 3947 696 4002 F
718 3947 836 4002 incidere
851 3948 891 4018 {ir
970 3949 1004 4005 14
1020 3947 1064 4018 Kp
1080 3949 1136 4005 ΧΠ
1154 3949 1181 4004 Β
1206 3949 1261 4004 XII

139 4028 203 4087 F0¹
310 4031 343 4084 15
367 4029 472 4086 risibili
496 4031 526 4086 F
625 4032 658 4087 16
676 4047 777 4104 semper
793 4034 845 4089 soli
861 4035 890 4090 B
992 4035 1085 4089 uidens
1102 4034 1197 4090 B¹FO

141 4116 173 4170 17
190 4115 256 4186 suis]
275 4116 342 4170 meis
360 4117 391 4171 F
489 4117 589 4173 condit.
607 4119 658 4174 ΒΖ
760 4120 794 4174 18
809 4124 942 4190 repugnat
960 4120 1023 4175 ΚΖι
1126 4121 1263 4190 captiuum

139 4201 225 4272 cosp
312 4203 344 4257 19
362 4203 433 4272 euru]
452 4202 533 4273 cosp
623 4205 797 4262 accerseres
814 4206 974 4276 cogitationi
993 4208 1062 4274 (uis
1079 4206 1130 4274 13¹)
1147 4205 1196 4260 Bs·

138 4287 316 4357 cogitationes
343 4287 383 4343 F¹
494 4289 527 4344 21
555 4291 657 4360 corpori
684 4293 761 4347 utilis
788 4291 827 4362 pto
938 4292 1130 4363 dlspsusationi
1157 4292 1195 4363 βν

138 4374 172 4428 22
188 4373 335 4442 relegisses
354 4373 394 4428 Κ·
498 4375 532 4430 24
550 4376 621 4448 qnia]
640 4379 687 4447 qui
704 4379 743 4449 βυ
