3092 4967
276 431 339 498 468
667 430 832 484 Iohannis
850 429 1009 485 Gussieui

278 622 433 687 contrario
462 622 565 687 dolore
591 619 781 702 oontioimm,
811 621 1040 686 considerantes
1067 619 1122 684 illo
1153 637 1208 685 uos
1236 621 1342 685 ordine
1364 618 1395 684 id

249 723 362 806 2quod
385 724 523 789 salutare
545 723 636 789 nobis
659 743 725 790 esse
746 724 961 808 eognosoimus
985 723 1124 789 obtinere
1146 740 1208 788 non
1230 740 1329 804 posse
1362 741 1396 788 ex

279 831 409 911 utroque
441 846 514 912 ergo
547 845 631 892 nuno
662 826 763 892 latere
795 831 978 892 coartamur.
1016 827 1044 890 si
1077 827 1160 891 enim
1193 825 1395 908 promissioni,

278 951 373 1014 quam
405 949 508 997 oorem
542 932 663 996 ounotis
695 929 848 996 frutribus
882 931 914 995 in
946 929 1070 1012 spelaeo
1103 930 1137 994 in
1165 947 1225 1012 quo
1255 929 1394 994 domiuus

278 1039 384 1100 noster
399 1055 436 1100 ex
451 1036 523 1100 aule
544 1034 626 1099 uteri
648 1032 816 1117 uirginelis
831 1032 950 1100 effulsit
964 1033 1033 1114 ipso
1047 1035 1128 1100 teste
1142 1032 1394 1115 deprompsimus,
1415 1055 1426 1094 s

278 1137 457 1203 satisfecere
489 1137 688 1215 noluerimus,
722 1153 880 1200 summum
916 1134 1066 1218 spiritalis
1100 1135 1185 1200 uitae
1214 1135 1396 1200 ineurrimus

279 1242 517 1307 detrimentum:
555 1241 604 1305 sin
641 1240 748 1306 autom
784 1238 956 1321 sponsionis
993 1237 1179 1304 inmemores
1216 1243 1249 1302 et
1287 1239 1321 1302 in
1354 1239 1396 1304 bis

279 1343 458 1424 regionibus
476 1342 646 1408 residentes
669 1341 803 1407 utilitati
825 1340 1025 1423 perfeetionis
1048 1345 1171 1406 nostroe
1193 1341 1250 1406 ille
1267 1341 1396 1406 uolueri-

279 1466 349 1511 mus
378 1447 560 1529 postponere
589 1449 793 1524 sacramenta,
824 1445 957 1527 abrupta
986 1445 1138 1514 mendacii
1160 1448 1253 1528 atque
1274 1446 1397 1530 periurii

249 1550 417 1633 3porioula
451 1540 664 1616 formidemus.
717 1548 771 1613 sed
808 1567 847 1614 ne
884 1548 942 1614 hoo
977 1549 1104 1631 quidem
1140 1550 1243 1615 aestus
1281 1553 1428 1616 nostrosu

279 1671 443 1736 possumus
473 1653 611 1718 retonare
640 1651 780 1724 oonsilio,
812 1655 848 1716 ut
876 1655 1039 1734 postquem
1074 1652 1269 1718 uelocissimo
1302 1653 1398 1718 reditu

279 1757 509 1822 iurisiurandi
538 1755 633 1821 inerit
661 1756 780 1837 inpleta
814 1755 962 1836 condicio,
992 1755 1067 1820 haee
1097 1755 1196 1820 denuo
1218 1755 1289 1822 looa
1311 1754 1399 1821 eeleri

278 1862 455 1944 repetamus
484 1875 621 1924 recursu,
665 1875 738 1924 nam
768 1859 910 1940 quamuis
939 1859 979 1925 ud
1010 1859 1182 1942 proleotum
1215 1859 1400 1942 spiritalium

253 1944 384 2028 ⁸rernm
407 1962 620 2042 uirtutemque
641 1959 839 2026 tendentibus
868 1960 1043 2042 periculose
1072 1979 1109 2026 ao
1129 1961 1220 2028 noxia
1242 1962 1286 2028 sit
1308 1963 1399 2028 etiam

279 2083 378 2148 perna
410 2063 529 2139 dilatio,
561 2066 668 2128 tumen
699 2063 956 2144 pollicitationem
992 2063 1065 2132 fidei
1098 2065 1222 2130 nostrae
1259 2067 1430 2147 quamuisu

280 2183 401 2232 moroso
433 2166 536 2233 reditu
567 2167 769 2245 solueremus,
802 2169 863 2234 nisi
896 2184 952 2234 nos
986 2187 1048 2236 non
1076 2170 1177 2235 solum
1208 2170 1399 2250 auctoritate,

280 2288 390 2335 uerum
426 2270 522 2336 etiem
560 2270 689 2336 oeritate
724 2269 882 2336 seniorum
918 2271 1094 2338 nostrorum
1130 2272 1281 2338 sciremus
1318 2273 1400 2340 inor·

280 2372 454 2439 solubiliter
487 2371 698 2456 conligendas,
728 2371 774 2438 ita
802 2376 838 2438 ut
867 2375 1021 2440 remeandi
1052 2377 1090 2440 ad
1120 2375 1198 2440 liaeo
1225 2374 1294 2442 loce
1316 2375 1401 2442 nobis

279 2478 415 2561 potestas
437 2475 580 2557 deinoeps
602 2476 688 2541 nullo
717 2476 808 2542 modo
830 2477 996 2544 tribuetur.

324 2597 378 2661 Vl.
402 2596 453 2660 Ad
475 2598 552 2662 haeo
567 2596 678 2662 beatus
695 2596 804 2679 loseph
820 2597 1005 2681 interposito
1021 2597 1247 2681 aliquantisper
1261 2599 1431 2665 silentium

280 2699 367 2782 serti,
396 2699 509 2782 inquit,
539 2701 615 2766 estis
646 2701 795 2766 maiorem
823 2699 1012 2784 spiritulium
1041 2719 1147 2766 rerum
1174 2700 1350 2783 profestum
1370 2703 1402 2768 in

280 2803 407 2886 regione
429 2803 489 2868 heo
510 2805 599 2869 uobis
620 2821 709 2886 posse
731 2803 888 2870 conferri?

325 2921 394 2988 Vll.
417 2939 617 2988 ouumuus:
640 2922 791 3003 Quamuis
818 2927 913 2990 etiam
934 2925 1062 2991 illorum
1085 2925 1243 2992 doetrinae
1266 2943 1402 2992 summus

280 3026 384 3109 grabs
419 3027 587 3109 rependere
618 3026 793 3103 debeamus,
835 3030 887 3111 qui
920 3045 974 3092 nos
1008 3029 1180 3094 docueruut
1214 3047 1232 3094 a
1267 3029 1402 3112 peruulis

281 3145 395 3210 magne
423 3130 528 3194 sonari
556 3132 588 3194 et
616 3126 689 3194 dato
718 3131 788 3196 boni
816 3133 865 3196 sui
894 3133 986 3214 gustu
1020 3133 1175 3215 egregiam
1203 3131 1432 3216 possessiomes

281 3231 369 3297 sitim
404 3233 519 3298 nostris
555 3232 726 3298 nisoeribus
759 3234 948 3313 indiderunt,
982 3233 1010 3299 si
1042 3234 1118 3318 quid
1151 3242 1256 3300 tumen
1289 3235 1402 3300 indioio

281 3336 386 3400 nostro
424 3334 573 3417 ereditur,
597 3335 717 3401 nullam
755 3334 898 3402 dueimus
934 3340 1184 3420 sonperationem
1216 3339 1299 3402 inter
1331 3339 1402 3404 baeu

282 3437 374 3518 utque
404 3435 461 3501 illa
490 3453 569 3519 quae
597 3436 665 3501 illio
693 3439 889 3520 pereepimus
917 3437 1074 3518 institute,
1101 3444 1137 3504 ut
1158 3437 1307 3506 sileamus
1331 3457 1401 3506 oon·

281 3540 467 3605 uersutionis
496 3540 620 3606 uestrue
650 3540 871 3606 inimitabilem
900 3542 1081 3625 puritatem,
1111 3559 1205 3624 quum
1230 3543 1321 3608 uobis
1343 3559 1402 3608 nou

331 3845 349 3898 2
371 3847 492 3915 optinere
512 3848 572 3898 ΣΤ
671 3847 689 3900 3
705 3846 877 3914 promissioni
895 3863 973 3917 quam
992 3849 1127 3903 seniorum
1145 3847 1259 3904 mritate
1276 3865 1325 3904 nos
1342 3865 1401 3904 oen·

279 3931 396 4000 pellente
407 3947 494 3986 eoram
507 3935 532 3984 Y
613 3931 633 3987 4
648 3933 735 4002 speleo
749 3933 778 3984 Σ
783 3931 812 3984 Π
817 3932 842 3986 0
868 3947 945 4003 speon
963 3935 989 3987 Y
1071 3931 1294 4003 bdepuomelmus
1309 3935 1338 3988 Σ

281 4017 297 4072 'i
321 4017 349 4070 in
371 4030 423 4071 osa.
439 4015 470 4069 Π
569 4017 896 4089 Silla...suornmenta]
914 4019 1043 4074 illem...
1057 4021 1205 4090 peotioneun
1228 4022 1339 4077 lll'Oo

280 4102 298 4156 9
319 4105 400 4172 etque
417 4103 529 4172 periurii
545 4119 597 4159 ona
614 4104 645 4156 H
648 4105 723 4159 l‘Oo
827 4105 860 4160 10
876 4105 1001 4175 perieulis
1018 4107 1048 4158 li
1149 4107 1183 4160 12
1204 4107 1271 4161 iuris
1287 4105 1403 4176 intendi]

281 4187 430 4257 sponsionis
442 4189 550 4243 nuos
646 4189 757 4258 implete
775 4191 837 4242 ΣΠ
939 4189 1059 4246 penditio
1077 4193 1106 4243 Π
1210 4193 1243 4248 14
1259 4193 1403 4248 uirtutum-

281 4289 333 4344 qne
349 4275 376 4326 Υ
459 4275 492 4329 lo
509 4274 697 4330 enomritetem
714 4275 755 4328 Πι
841 4275 873 4331 21
892 4277 986 4346 inquid
1004 4278 1059 4332 ΤΟ
1143 4277 1179 4333 24
1196 4278 1298 4349 gretie·
1316 4281 1342 4332 t*

281 4360 316 4416 28
333 4359 409 4414 illum
427 4359 466 4413 11¹
567 4361 603 4416 99
619 4361 780 4416 imitabilem
799 4363 826 4414 Σ
928 4365 1073 4432 puritatem
1092 4364 1133 4419 dei
1151 4363 1181 4416 Π
