3092 4967
292 448 355 515 528
689 448 855 504 Iohannis
872 446 1030 504 cessioni

293 637 499 705 saecularium
529 638 808 705 obtrectationibus
837 638 958 704 editum
986 656 1160 704 reseremus
1179 658 1239 705 noc
1260 658 1433 723 peruersos

294 742 387 823 etque
408 739 598 805 execrabiles
621 758 759 823 quosque
785 744 964 807 cerebrum
986 740 1128 806 uirorum
1144 759 1274 807 numero
1294 744 1433 809 insertos

293 843 422 909 lstitere
443 845 603 927 miremur,
628 845 712 927 quin,
735 845 810 910 dum
827 844 861 909 in
877 845 971 911 huius
985 844 1103 911 soeculi
1118 864 1189 911 erse
1203 846 1435 913 conculcamur

294 951 387 1029 etque
423 946 623 1025 conterimur,
659 964 783 1012 neccsse
818 951 867 1013 est
899 949 997 1014 etiem
1032 948 1140 1031 polens
1175 948 1242 1033 igni
1275 955 1434 1033 perpetuo

264 1049 488 1134 ddopntsndos
510 1051 592 1115 inter
614 1050 804 1117 electissima
825 1051 986 1117 frumento
1007 1053 1142 1117 misceri
1181 1052 1319 1135 deniquo
1334 1054 1365 1117 si
1380 1054 1433 1118 nol
1454 1078 1466 1118 s

294 1152 430 1221 Sotenm
452 1155 534 1219 inter
555 1154 681 1237 angelos
703 1155 756 1221 nel
778 1155 893 1221 Iudsm
917 1156 1003 1222 iuter
1017 1154 1171 1240 apostolos
1185 1157 1239 1221 nel
1254 1156 1432 1224 Nicolaum

294 1256 501 1340 pronissimus
522 1257 683 1324 heersseos
706 1256 902 1325 inuentorem
928 1260 1012 1325 inter
1026 1258 1172 1325 diaconos
1187 1260 1435 1327 reminiscemur

295 1360 420 1440 electos,
451 1360 518 1441 hoc,
549 1364 630 1444 qued
660 1362 843 1445 nequissimi
873 1362 1014 1428 homines
1041 1366 1221 1429 sanctorum
1243 1364 1354 1430 ordini
1377 1366 1434 1430 de·

295 1463 527 1548 prehenduntur
547 1464 671 1557 inserti,
694 1467 809 1530 mirum
831 1484 898 1531 esse
920 1484 981 1532 non
1003 1466 1128 1548 poterit.
1153 1484 1225 1531 nem
1246 1468 1327 1533 licet
1351 1468 1434 1532 hunc

294 1566 460 1634 Nicolaum
497 1568 625 1651 quidam
659 1570 807 1635 adserunt
839 1588 900 1635 non
935 1570 1028 1635 illum
1061 1568 1157 1635 inisse
1191 1572 1245 1653 qni
1281 1572 1325 1635 nd
1357 1589 1466 1653 opusc

296 1670 462 1737 ministerii
485 1671 524 1737 sb
546 1674 695 1753 spostolis
718 1676 767 1739 est
789 1675 916 1755 electus,
941 1674 1148 1739 nihilominus
1169 1678 1277 1739 tnmm
1294 1694 1372 1739 oum
1395 1674 1433 1739 de

296 1775 353 1842 illo
386 1774 611 1858 discipulorum
643 1776 741 1842 fuisse
773 1796 904 1843 numero
937 1796 1053 1862 negare
1085 1797 1147 1844 non
1180 1780 1324 1860 possunt,
1354 1794 1432 1860 quos

297 1894 403 1943 omues
432 1880 513 1943 telos
540 1882 669 1961 temque
697 1880 850 1964 periectos
874 1880 908 1946 id
929 1882 1079 1963 temporis
1103 1880 1198 1946 inisse
1220 1878 1432 1946 menifestum

268 1980 354 2060 lest,
386 1981 493 2064 quoles
523 1999 606 2046 nnnc
633 2000 802 2067 perpaucos
832 1984 886 2049 uix
907 1985 941 2049 in
962 1984 1118 2049 coenobiis
1140 1984 1332 2049 inserimus.
1371 2001 1432 2049 non

298 2102 371 2170 ergo
392 2086 515 2151 ruinnm
538 2084 625 2151 illius
647 2104 742 2168 supre
764 2086 845 2153 dicti
866 2086 984 2162 fratris,
1013 2086 1067 2170 qui
1090 2090 1123 2152 in
1145 2087 1202 2152 ille
1217 2088 1350 2152 heremo
1365 2087 1462 2152 inmo

297 2188 424 2273 lugubri
458 2187 565 2272 lspsus
597 2190 646 2255 est
680 2200 764 2269 cusu,
798 2208 896 2273 neque
925 2190 1015 2256 illem
1043 2188 1226 2254 horribilem
1254 2190 1430 2272 msculnur,
1539 2271 1540 2278 ἵ

298 2312 392 2379 quum
414 2297 519 2359 tnmm
541 2293 597 2359 illc
619 2292 799 2376 ingentibus
823 2293 1033 2377 poenitentioe
1054 2292 1193 2358 lacrimis
1210 2296 1283 2375 post
1298 2290 1430 2365 deleuit
1539 2309 1540 2358 l

299 2398 353 2466 sod
376 2398 457 2465 besti
478 2396 583 2479 potius
605 2396 746 2462 Pslnutii
768 2397 857 2462 nobis
882 2414 1090 2480 proponemus
1111 2395 1260 2477 exemplo,
1277 2412 1339 2460 nce
1352 2394 1429 2460 sub·
1539 2375 1540 2448 l

299 2501 441 2569 uersious
473 2500 561 2567 illius
593 2499 793 2565 destruamur
826 2500 915 2566 cuius
947 2499 1111 2582 antiquum
1143 2497 1282 2563 inuidiae
1312 2498 1430 2563 uitium

300 2607 398 2674 etium
420 2604 506 2671 suxit
527 2604 560 2669 in
582 2604 670 2687 psius
693 2603 852 2669 ediectsts
872 2600 995 2687 religio,
1020 2602 1074 2666 scd
1096 2600 1190 2666 huius
1210 2600 1460 2666 bumilitatem„

301 2712 369 2777 tote
401 2710 518 2774 uirtute
551 2708 715 2786 sectemur,
750 2722 846 2789 quum
878 2724 940 2771 non
971 2704 1022 2770 illi
1053 2706 1140 2787 quies
1169 2704 1291 2769 heremi
1319 2702 1429 2769 subito
1520 2733 1526 2748 ·

301 2813 421 2899 genuit,
444 2811 498 2876 sed
520 2812 601 2875 inter
617 2808 759 2875 homines
789 2808 983 2891 adquisitum
1005 2809 1236 2873 consummauit
1256 2808 1355 2891 etque
1377 2823 1428 2871 ox·
1538 2819 1539 2842 ³

272 2916 398 2983 dooluit
420 2914 564 2981 solitudo.
601 2912 762 2979 sciendum
784 2914 925 2978 senessi
948 2912 1090 2977 mulino
1104 2910 1250 2975 morbum
1264 2908 1427 2974 difficilius

301 3020 340 3085 sd
369 3019 534 3085 medellam
563 3036 658 3100 quem
688 3022 792 3083 cetere
820 3016 901 3082 uitis
929 3016 1100 3099 peruenire.
1138 3032 1215 3079 nem
1241 3030 1314 3078 enm
1335 3027 1427 3095 quom

301 3123 398 3188 semol
421 3122 531 3187 ueneni
547 3122 596 3187 sui
611 3124 699 3204 peste
713 3120 887 3202 corruperit
900 3137 998 3202 psone
1012 3117 1143 3184 dixerim
1159 3134 1265 3181 cerere
1278 3112 1458 3180 remedioss
1537 3151 1538 3174 i

302 3228 369 3309 ipse
391 3243 525 3307 nomque
546 3228 594 3289 ost
615 3224 682 3289 lues
696 3224 735 3289 ds
750 3242 813 3308 que
826 3220 1004 3307 dgurnliter
1017 3221 1134 3289 dicitur
1148 3236 1203 3304 por
1223 3217 1425 3301 prophetem:
1537 3253 1538 3262 κ

405 3428 473 3485 dei.
490 3426 540 3483 Iob
557 3429 581 3496 1,
599 3428 624 3483 6.
659 3426 709 3481 Mt
728 3425 813 3493 1o‚4.
848 3428 909 3481 Act
927 3426 953 3489 6,
970 3426 996 3479 5.
1030 3426 1111 3494 hooc
1127 3424 1154 3489 8,
1172 3422 1208 3479 lb

353 3615 474 3687 hndquo
491 3613 519 3671 Β
612 3614 742 3685 cursorii
837 3612 920 3684 tiqui
937 3610 996 3668 BF
1083 3610 1205 3681 indque
1226 3608 1278 3666 ΟΒ
1366 3621 1426 3662 oon·

302 3708 420 3759 teremur
442 3702 482 3757 Ρ
585 3702 701 3758 dsntsu
724 3702 765 3773 βυ
868 3698 1080 3770 ιιοΙιιιιςοΙοιβ
1179 3696 1315 3752 montaum
1331 3694 1364 3750 Γ

303 3788 463 3844 ihereseos
485 3786 565 3844 codd.
670 3786 845 3844 ᾱίωοιιοοθ
946 3786 1077 3840 dordine
1099 3784 1140 3840 Ρ
1243 3782 1278 3836 10
1294 3780 1424 3835 nicotrum
1535 3849 1536 3852 Ἴ

302 3872 334 3930 F
433 3874 465 3929 11
484 3874 596 3929 ellectus
613 3872 643 3929 F
645 3876 654 3904 ¹
759 3872 956 3927 nihilhominus
974 3870 1014 3926 B·
1125 3870 1159 3925 13
1174 3870 1316 3937 hamonem
1333 3864 1364 3921 F

303 3960 333 4016 id
350 3959 477 4029 temporis
495 3958 643 4017 BFORr:
673 3958 702 4013 in
720 3956 876 4029 temporat
902 3958 1070 4027 intempore
1086 3956 1169 4012 illoc
1276 3952 1309 4007 ll
1330 3949 1426 4006 dilonit

304 4046 343 4106 Β*
371 4046 455 4103 diluit
478 4046 517 4117 dc
617 4046 653 4101 10
676 4046 777 4117 relegio
800 4044 881 4102 ΒΨ
984 4042 1142 4098 humilitate
1162 4040 1219 4098 FO
1317 4036 1350 4094 sl
1373 4034 1424 4104 illi}
1535 4033 1536 4078 l

305 4134 375 4191 nulli
392 4133 421 4204 β·
522 4134 558 4187 22
577 4132 715 4203 udquisits
732 4132 763 4188 F
861 4131 947 4201 ndqns
963 4130 992 4187 R
1094 4128 1130 4184 28
1150 4124 1283 4184 solitudor
1302 4128 1364 4195 post
1378 4122 1426 4177 lece

304 4210 1424 4290 oocubuleminodccnp.XVHinoipitcfiosooisfiucnpitulom
1534 4217 1535 4254 l

305 4307 442 4364 dortour·
543 4304 579 4360 bs
604 4306 734 4361 medelum
761 4302 876 4373 ΜΨ
900 4303 1028 4373 (possem
1130 4302 1166 4357 15
1191 4299 1307 4355 diximus
1331 4294 1359 4351 B

305 4396 340 4449 ee
359 4394 414 4449 ruis
431 4391 461 4463 e*
