3092 4967
277 453 342 519 650
665 448 832 504 Iohannis
853 447 1012 502 Cassiani

277 641 455 725 pendemus,
479 659 540 706 non
563 641 760 706 medioeriter
782 637 985 703 formidantes
1006 657 1045 702 na
1061 639 1145 720 quod
1160 637 1242 703 forta
1255 638 1393 720 ineptum
1516 694 1517 705 ,

277 749 332 810 aut
354 747 556 827 incongruum
578 747 708 810 uerbum
732 743 974 808 misericordiam
995 741 1151 806 audientis
1174 743 1309 818 auertat,
1331 744 1396 804 tum

277 849 387 915 deindo
418 849 444 912 si
474 849 562 914 nobis
591 851 625 913 in
648 849 713 913 iore
736 865 771 912 ee
796 847 937 912 iudieum
957 845 1166 911 somniantum
1188 843 1396 911 tribunalibus

276 945 466 1032 constitutis,
502 951 670 1017 adsistente
704 951 802 1016 etiam
831 969 847 1014 e
874 951 984 1014 eontra
1015 948 1206 1025 aduersario,
1235 948 1272 1012 in
1299 949 1398 1014 media
1516 1020 1517 1031 χ

275 1057 488 1140 perseeutione
509 1059 603 1138 atque
625 1054 771 1120 eontlietu
794 1053 898 1129 tnesis,
929 1056 1100 1134 excreatus,
1122 1052 1215 1128 risus,
1245 1052 1397 1132 oscitatio,
1415 1087 1427 1127 ι

274 1177 400 1225 somnus
434 1159 614 1241 obrepserit,
647 1161 763 1239 quanta
795 1156 830 1220 in
852 1155 1023 1238 porriieiem
1051 1156 1193 1220 nostram
1221 1154 1397 1239 uigilantis-

244 1259 373 1330 4simus
396 1263 542 1329 inimieus
565 1261 762 1328 seueritatem
780 1259 891 1326 iudieis
907 1260 1106 1326 eonmouobit
1120 1258 1257 1325 inuidia:
1284 1265 1398 1341 quanto

276 1367 386 1451 magis,
417 1385 487 1432 eum
517 1365 568 1430 iili
596 1363 787 1430 oeeultorum
817 1362 958 1428 omnium
980 1363 1210 1446 cognitoripro
1231 1364 1397 1429 inminenti

274 1472 440 1554 perpetuae
476 1469 587 1536 mortis
624 1467 763 1550 periente
801 1467 1024 1550 supplicamus,
1058 1467 1245 1550 praesertim
1278 1484 1350 1532 eum
1381 1486 1397 1530 a
1516 1500 1517 1507 ι

275 1573 396 1640 diuerso
419 1573 551 1638 eaiiidus
573 1571 717 1638 seductor
731 1571 848 1656 paritor
864 1572 896 1635 et
921 1570 1104 1636 criminator
1119 1571 1261 1648 adnotat,
1277 1571 1426 1647 intanta„
1516 1612 1517 1615 ,

275 1679 368 1760 atque
397 1675 532 1743 sollieita
561 1676 699 1740 oratione
715 1669 895 1741 'iudicantis
922 1674 1023 1756 pietas
1045 1672 1230 1756 inploranda
1253 1676 1319 1738 est!
1340 1690 1396 1737 nee

274 1779 389 1844 iniuste
412 1797 474 1845 non
497 1779 598 1844 solum
621 1778 685 1844 leui
708 1779 846 1860 peooato,
868 1777 1043 1842 sedetiam
1065 1777 1253 1860 grauissimo
1268 1778 1394 1841 erimine
1483 1849 1487 1855 ,
1516 1780 1517 1785 ’

273 1884 432 1965 inpietatis
453 1880 675 1964 adstringetur,
699 1882 753 1964 qui
774 1899 898 1964 prooem
921 1882 978 1947 deo
1001 1881 1135 1945 fundens
1156 1880 1260 1945 subito
1283 1899 1303 1944 a
1323 1897 1394 1944 oon·

273 1987 381 2067 speetu
404 1985 469 2051 eius
493 1985 581 2068 qnasi
603 1987 641 2050 ab
657 1985 754 2050 oeulis
769 2001 830 2049 non
850 1983 990 2051 uidentis
1006 2001 1063 2049 noe
1077 1983 1234 2049 audientis
1249 1984 1394 2066 eogitati-
1516 2026 1517 2049 2

123 2171 128 2180 ¹
243 2087 339 2155 tonis
371 2088 518 2172 inprobae
551 2081 722 2154 uanitatem
757 2090 884 2153 saeutua
918 2086 1074 2154 abseedat.
1112 2086 1163 2151 illi
1193 2089 1312 2169 summ,
1326 2161 1330 2165 ‚
1343 2085 1425 2168 qni„

272 2191 376 2256 oeulos
415 2192 514 2257 eordis
550 2192 598 2256 sni
635 2194 806 2274 oontegunt
841 2208 942 2256 erasso
979 2190 1137 2257 uelamine
1172 2189 1325 2256 uitiorum
1358 2207 1394 2254 ae
1516 2274 1517 2277 Ἴ

272 2295 441 2360 seeundum
470 2295 661 2361 sententiam
690 2295 855 2361 saluatoris
883 2295 1070 2360 uidentes
1100 2312 1175 2359 non
1198 2295 1337 2359 uident
1358 2293 1395 2356 et
1516 2370 1517 2375 Ἰ

274 2397 482 2463 audientes
511 2415 587 2462 non
616 2398 789 2463 audiunt
817 2415 942 2480 nsque
971 2397 1243 2483 intellegunt,
1278 2397 1331 2462 nix
1361 2395 1394 2460 in

272 2500 445 2564 neeessibus
475 2500 611 2583 peetoris
640 2500 689 2565 sni
720 2501 818 2566 etiam
846 2500 907 2565 ilia
936 2518 1015 2583 quaa
1043 2504 1220 2582 magnast
1250 2498 1395 2583 eapitalie
1516 2492 1517 2585 ι

181 2613 186 2624 ·
273 2604 346 2669 sunt
375 2603 507 2670 erimina
529 2604 788 2687 oontemplantur,
814 2604 919 2670 nullas
940 2604 1048 2670 antem
1070 2604 1300 2685 rogitationnm
1321 2601 1426 2682 snb-,0

271 2706 435 2788 reptionem
457 2707 512 2772 sed
534 2723 633 2789 neque
655 2705 727 2771 illos
749 2707 782 2771 in
804 2723 838 2771 se
859 2705 995 2771 lubricos
1026 2706 1224 2789 oeenltosque
1247 2705 1393 2788 pruritus,

272 2808 325 2890 qni
355 2810 491 2875 mentem
521 2809 609 2875 tonui
631 2811 725 2893 atque
747 2797 860 2874 subtili
881 2808 1081 2892 suggestione
1102 2810 1315 2894 conpungunt,
1338 2825 1395 2872 nse
1516 2874 1517 2879 ,

271 2909 471 2994 eaptiuitates
501 2912 623 2978 animae
653 2929 725 2978 suae
754 2911 886 2994 possunt
914 2912 1058 2996 purgatis
1084 2911 1247 2977 obtutibus
1269 2911 1394 2986 intueri

270 3013 324 3078 sed
354 3013 569 3081 inuereonndis
599 3033 720 3098 semper
749 3015 993 3100 eogitationibue
1021 3018 1191 3098 euagantes
1211 3031 1271 3079 neo
1293 3013 1394 3080 dolere
1492 3089 1496 3098 ‚

271 3119 395 3190 norunt,
419 3135 490 3182 oum
512 3119 551 3183 ab
572 3117 629 3183 illa
650 3119 912 3201 contemplatione
939 3135 1018 3200 qnae
1032 3117 1203 3202 singularis
1218 3119 1267 3182 sot
1282 3117 1393 3182 diem
1379 3149 1425 3192 Ἢ

270 3219 396 3302 huntur,
429 3239 485 3286 nee
517 3220 636 3286 habent
668 3221 760 3304 quod
783 3240 818 3287 se
854 3222 981 3287 doleant
1013 3222 1165 3297 amisisse,
1199 3219 1315 3304 qnippe
1341 3218 1394 3303 qui
1516 3198 1517 3287 1

270 3325 406 3390 mentem
442 3339 532 3390 suam
573 3323 793 3409 ingruentibus
831 3327 868 3390 ut
902 3324 1033 3390 libitum
1069 3327 1118 3390 est
1153 3325 1392 3412 ospitationitus

372 3561 586 3632 mmmm

321 3773 499 3851 ipeudimus
522 3779 606 3838 ΒΕΘ
707 3781 779 3837 Bae
800 3781 933 3839 BFOK'r
962 3785 1012 3838 aut
1035 3781 1124 3838 K²Ze
1225 3779 1394 3838 teo-eo

268 3873 391 3922 econtra
408 3867 494 3936 emt
579 3867 796 3936 tporseontione
813 3867 855 3923 B:
882 3872 1013 3938 proseeut
1031 3868 1126 3936 reite
1211 3869 1281 3922 tesia
1298 3867 1329 3922 F
1516 3930 1517 3945 χ

268 3953 402 4008 exornatus
420 3951 460 4007 B:
486 3955 623 4009 exseratur
640 3953 671 4008 F
697 3959 817 4009 soreatna
836 3953 904 4024 Οβυ
1006 3957 1143 4025 tiquam
1160 3954 1238 4010 K‘er
1263 3957 1391 4024 quantam
1516 3948 1517 3955 '

268 4039 326 4094 reti.
413 4039 593 4095 'iseueritate
609 4039 669 4096 BF
753 4041 921 4096 oonmouebit
938 4041 979 4097 1¹⁸:
1004 4057 1099 4096 eomm.
1117 4043 1176 4098 reo.
1261 4040 1391 4096 inuidiam

269 4123 325 4178 BF
412 4125 440 4178 11
460 4124 605 4180 indicantia
624 4126 666 4181 ΕΙ
753 4127 787 4181 12
804 4127 1058 4198 ιιοιιιοΙιιιιιιιοιιβ
1147 4127 1181 4182 13
1197 4125 1392 4195 adstringemm

273 4209 504 4280 Oadstringitnr
520 4210 583 4281 iiie)
680 4213 713 4267 14
730 4213 906 4282 eogitationee
923 4212 965 4268 Κι
1063 4213 1096 4268 15
1112 4213 1271 4268 amnuit
1286 4214 1326 4285 βο

269 4295 302 4351 li
329 4295 439 4351 uideant
464 4297 538 4366 Μ·
641 4299 674 4353 18
697 4299 807 4354 erudiant
829 4301 857 4355 B
960 4300 994 4356 la
1019 4300 1164 4370 potatoris
1186 4299 1226 4355 F·
1327 4301 1391 4354 snut
1516 4366 1517 4379 χ

268 4382 297 4434 et
313 4381 440 4452 capitalia
457 4381 496 4452 dn
599 4383 633 4438 21
651 4384 736 4452 adque
753 4385 782 4440 B
884 4387 920 4443 24
936 4385 1070 4444 doioreO
