3092 4967
309 379 373 445 370
701 375 866 431 Iohannis
883 374 1043 431 Cassiani

310 566 452 649 neptione
473 569 621 631 eonuooat
636 565 758 631 diosna:
781 564 920 631 uenite
940 564 987 629 ad
1009 583 1066 629 me
1088 580 1220 629 omnes
1242 562 1309 647 qni
1328 561 1423 627 labo·

309 670 412 735 ratis
434 672 473 734 et
494 666 653 734 onerati
675 667 793 745 estis,
816 670 854 733 et
875 686 943 753 ogo
967 666 1154 733 reficiam
1175 684 1255 733 uos.
1288 667 1423 732 siantam

310 790 370 838 non
403 790 510 838 omnes
544 770 769 853 uniuersaliter,
801 770 856 835 sed
884 770 1035 854 quostiam
1064 770 1205 851 aduocat,
1234 770 1372 852 seqnitur
1391 772 1424 833 ut

311 894 367 941 noo
395 892 500 940 omnes
530 874 595 940 sint
623 874 741 940 onerati
770 873 823 939 uel
848 873 996 959 originali
1017 873 1070 938 uel
1090 873 1208 939 aetuali
1229 874 1355 956 poooato
1375 891 1424 937 nee

310 996 385 1043 uera
419 979 461 1043 sit
497 977 555 1043 ills
590 976 759 1044 sententia:
796 993 928 1043 omnes
965 978 1066 1044 enim
1101 978 1365 1061 peooanernnt
1391 980 1452 1039 etr

311 1082 428 1162 egent
449 1080 583 1163 gloria
604 1080 681 1165 dei,
705 1098 762 1146 nee
785 1099 851 1163 per
872 1098 1005 1147 omnes
1026 1079 1209 1147 homines
1229 1098 1332 1146 mors
1351 1097 1424 1162 per·

280 1184 508 1252 4transisse
531 1182 683 1249 credatur.
717 1186 749 1249 et
770 1183 806 1248 in
826 1184 952 1250 tantum
974 1201 1083 1249 omnes
1104 1185 1158 1265 qni
1179 1186 1311 1265 pereunt
1325 1184 1425 1247 aontm

312 1287 363 1353 dei
391 1285 522 1370 pereunt
552 1285 759 1363 uoluntatem,
788 1288 824 1351 ut
853 1303 909 1352 neo
930 1285 1031 1369 ipsam
1061 1287 1195 1351 mortem
1224 1286 1302 1351 dens
1324 1285 1425 1351 leoisso

311 1390 442 1469 ditatur,
473 1389 521 1454 ita
552 1389 706 1472 scriptura
737 1389 888 1455 testante:
920 1388 1011 1471 quia
1042 1390 1135 1455 deus
1169 1390 1332 1455 mortem
1359 1406 1424 1454 non

310 1491 422 1571 feeit,
445 1510 515 1557 neo
535 1492 686 1575 gaudet
707 1492 749 1557 in
771 1491 998 1573 perditione
1021 1492 1209 1557 uiuorum.
1238 1498 1271 1559 et
1291 1492 1361 1559 indo
1381 1496 1452 1557 esto

312 1596 394 1681 quod
427 1592 621 1679 plerumque,
655 1595 730 1661 dnm
760 1614 816 1678 pro
846 1597 933 1662 bonis
963 1596 1119 1663 contraria
1151 1596 1354 1677 postulamus,
1378 1592 1424 1659 uel

311 1698 433 1765 tardius
462 1697 513 1763 uel
543 1715 736 1780 nequaquam
765 1702 872 1765 nostra
901 1698 1065 1765 exauditur
1086 1700 1194 1781 oratio,
1218 1702 1249 1764 et
1271 1716 1374 1764 rursus
1393 1717 1424 1762 ea

312 1821 391 1885 quas
409 1801 563 1867 oredimus
585 1818 652 1867 esse
668 1803 825 1867 oontrarta
849 1800 972 1867 utiliter
987 1802 1025 1867 ut
1038 1800 1280 1885 benignissimus
1295 1803 1424 1868 medieas

311 1906 409 1972 etiam
438 1904 637 1971 inuitissimis
659 1906 803 1971 dominus
836 1906 949 1971 inferre
974 1906 1124 1990 dignatur
1145 1924 1182 1971 ao
1204 1923 1424 1988 nonnumquam

311 2006 501 2093 perniciosas
526 2007 742 2091 dispositiones
771 2010 894 2075 nostras
912 2009 1084 2091 letalesque
1105 2012 1236 2075 oonatus
1262 2010 1302 2076 ab
1322 2009 1451 2074 effeetus

312 2110 492 2177 detestabili
525 2110 665 2177 retardat
697 2130 734 2177 ao
766 2114 902 2195 renouat,
932 2130 970 2178 ao
998 2113 1198 2196 properantes
1226 2112 1267 2177 ad
1300 2114 1423 2178 mortem

256 2296 259 2304 ,
311 2213 446 2281 reuahit
466 2213 507 2279 ad
528 2214 665 2279 salutem
687 2216 718 2278 et
739 2217 778 2282 do
799 2215 915 2281 inferni
936 2215 1081 2281 lauoibne
1095 2214 1230 2281 extrahit
1244 2214 1423 2299 ignorantea

354 2333 444 2401 VIII.
467 2333 570 2415 Quam
590 2350 697 2399 euram
719 2334 812 2417 atquo
835 2334 1066 2418 prouidentiam
1087 2336 1171 2400 oiroa
1192 2334 1249 2400 nos
1270 2352 1359 2401 snam
1370 2332 1421 2398 sul

311 2438 414 2524 figura
434 2435 608 2503 meretricis
630 2434 828 2501 Hierusalem
850 2443 882 2501 et
900 2437 1074 2520 pernioiosa
1088 2438 1128 2502 ael
1143 2437 1298 2503 idolorum
1313 2438 1422 2503 onltum

311 2542 476 2609 ommate
502 2539 660 2606 tendentis
689 2558 743 2623 por
772 2538 851 2605 Osee
877 2540 1060 2624 prophetam
1090 2558 1192 2607 sermo
1219 2539 1344 2606 diuinus
1366 2541 1448 2605 ele·

311 2648 423 2731 genter
449 2642 610 2727 expressit.
647 2643 770 2709 ‹lioonta
798 2660 932 2726 namquo
964 2663 1015 2711 aa:
1048 2644 1190 2711 uadem
1216 2646 1308 2729 post
1333 2660 1421 2709 ama·

312 2749 417 2814 tores
447 2764 566 2824 meos,
598 2747 664 2830 qni
695 2746 791 2813 dant
817 2765 937 2831 panes
965 2748 1077 2828 mihi,
1107 2742 1148 2813 e't
1173 2765 1295 2831 aquas
1315 2764 1420 2823 meas,

312 2850 447 2916 lanam
481 2866 616 2926 meam,
650 2850 689 2916 ot
722 2850 849 2916 linum
884 2870 1023 2932 meum,
1059 2852 1186 2918 oleum
1218 2871 1357 2929 meum,
1391 2850 1421 2914 et

312 2957 447 3038 potum
467 2971 606 3037 meum,
629 2953 794 3037 respondet
807 2954 904 3019 saluti
918 2956 996 3034 eins,
1019 2973 1081 3021 non
1097 2956 1256 3021 uoluntati
1270 2952 1421 3021 eonsulsns

312 3057 420 3122 diuina
441 3055 597 3141 dignatio:
620 3074 708 3124 oooo
730 3075 798 3140 ego
820 3060 991 3141 saepiam
1012 3062 1101 3125 uias
1123 3058 1209 3123 eins
1230 3056 1368 3141 spinis,
1388 3054 1448 3118 ets

312 3157 482 3242 saepiam
505 3176 584 3225 sam
606 3159 791 3239 materia,
812 3161 850 3225 et
869 3157 1420 3227 semitassuasnoninneniot

313 3267 351 3327 et
372 3266 561 3345 sequetur
582 3263 782 3328 amatores
804 3280 909 3348 suos,
936 3268 976 3329 et
997 3281 1069 3330 non
1091 3263 1369 3348 adprehendet:
1387 3264 1421 3323 et

312 3369 476 3448 quaeret
498 3383 578 3448 eos,
600 3382 673 3431 neo
694 3364 881 3432 inueniet
901 3364 1017 3446 illos,
1046 3367 1085 3432 et
1106 3366 1232 3433 diuet:
1253 3368 1420 3431 reuertar

416 3584 617 3653 nutrias
719 3586 929 3653 enomere
1032 3587 1238 3655 enumera
1338 3586 1420 3651 sap
1508 3585 1509 3590 ‘

316 3669 392 3735 1,1e
493 3670 667 3741 orosae
769 3673 965 3729 aereo-r

364 3874 601 3931 ladmeoon.l'
692 3877 1188 3948 tsitillalatillafflastillnll‘
1289 3877 1422 3949 oroma

315 3960 407 4013 ΣΠΟ
502 3960 520 4016 8
536 3962 675 4017 uoluntate
691 3964 721 4015 Σ
817 3964 835 4019 9
852 3966 937 4020 toatat
953 3966 993 4017 Σ*
1022 3967 1139 4021 toatatnr
1154 3966 1196 4017 Σ*
1297 3966 1328 4020 11
1344 3961 1422 4030 oum}

315 4046 392 4101 nobis
418 4046 466 4101 llo
567 4048 600 4103 13
622 4048 756 4104 emamus
780 4051 808 4101 Σ
910 4051 943 4105 lt
969 4050 1065 4121 pernit.
1091 4051 1122 4104 Π
1221 4048 1319 4105 affeetu
1339 4050 1365 4102 Σ

315 4132 348 4188 17
366 4132 490 4203 retrahit]
508 4132 595 4187 trahit
611 4135 638 4185 ‘l'
736 4134 772 4190 20
788 4135 870 4205 lnosop
886 4136 911 4189 0
1008 4137 1139 4207 propheta
1154 4138 1183 4189 Σ
1206 4136 1311 4205 prolata
1326 4135 1364 4186 Π·

314 4218 349 4274 24
365 4218 501 4289 rospondit
517 4220 595 4277 ΣΤο
690 4220 725 4276 25
739 4221 841 4293 sepiam
858 4222 944 4276 ΣῬΟ
956 4222 997 4278 bie
1093 4223 1168 4278 uiam
1184 4222 1234 4279 llo
1246 4228 1274 4279 et
1288 4221 1363 4293 Μ.

315 4304 348 4359 26
365 4306 496 4361 maolneria
513 4306 572 4359 ΣΟ
674 4306 707 4362 ill
725 4308 916 4384 adpraehenpiit
932 4309 972 4361 11¹
1074 4308 1110 4364 28
1127 4308 1194 4365 ‹lieit
1209 4308 1249 4360 11¹
