3092 4967
544 456 705 512 Oculatis
721 457 754 523 ll,
775 454 816 513 10.
1179 462 1241 527 301

130 645 326 711 instabilitate
365 646 465 712 condis
503 648 649 713 exaestuo
682 667 739 713 nec
771 648 999 732 cogitationum
1036 650 1244 733 dispersiones
1284 664 1287 670 ·

130 749 207 815 ualeo
240 749 410 828 cohercere,
442 750 606 836 ipsamque
634 753 808 818 orationem
836 772 938 819 meam
967 752 1097 818 fundere
1126 755 1242 835 absque

128 852 369 935 interpellatione
397 858 491 937 atque
519 856 739 937 phantasmate
766 858 907 922 inanium
931 856 1101 941 figurarum
1123 874 1240 921 sermo·

128 975 251 1041 numque
279 959 312 1023 st
340 962 468 1025 aetnam
501 960 723 1025 retractatione
753 978 813 1027 nou
842 977 979 1043 possum,
1013 964 1162 1043 tantaque
1190 978 1242 1025 me

110 1062 215 1125 emutio
241 1061 420 1127 sterilitatis
446 1061 540 1127 huius
568 1063 715 1129 ariditate
744 1064 961 1143 constrictum,
991 1064 1028 1128 ut
1051 1063 1155 1129 nullas
1172 1081 1239 1128 om·

126 1164 190 1229 uiuo
210 1163 402 1249 spiritalium
423 1184 573 1232 sensuum
595 1166 809 1251 generationes
835 1166 991 1250 parturire
1013 1186 1063 1232 me
1090 1166 1238 1231 seutiam:

126 1266 210 1333 atde
231 1269 291 1334 hoo
314 1271 411 1335 animi
433 1269 576 1353 squalore
598 1290 718 1336 merear
742 1271 878 1349 liberari,
902 1272 984 1337 unde
999 1290 1050 1336 me
1067 1269 1238 1353 gemitibus

125 1372 224 1436 multis
246 1374 340 1456 atque
362 1374 505 1456 suspiriis
527 1374 666 1456 expedire
688 1392 750 1439 non
772 1392 909 1457 possum,
927 1374 1099 1440 necessario
1115 1372 1237 1457 procla·

124 1472 222 1540 mabo:
252 1479 347 1541 deus
376 1478 417 1542 iu
447 1476 691 1543 adiutorium
722 1497 845 1542 meum
873 1478 1055 1543 intende:
1084 1475 1237 1542 domine

98 1581 162 1643 rnad
183 1580 445 1645 adiuuandum
459 1580 557 1645 mihi
572 1581 734 1647 festina
759 1581 965 1647 directionem
981 1598 1088 1645 rursus
1104 1580 1291 1661 animarem

123 1682 317 1747 stabilitatem
345 1682 583 1767 cogitationum,
618 1685 811 1751 alacritatem
846 1687 946 1751 cordis
979 1703 1050 1750 cum
1083 1683 1236 1751 ineffabili

123 1786 224 1868 gaudio
246 1790 279 1851 et
302 1788 416 1853 mentis
439 1806 566 1853 excessa
589 1788 769 1854 uisitatione
795 1790 895 1856 sancti
917 1789 1046 1872 spiritus
1068 1806 1119 1852 me
1135 1788 1236 1853 sentio

124 1894 324 1965 consecutum,
356 1892 558 1957 exuberantia
583 1908 704 1975 quoque
730 1892 923 1974 spiritalium
949 1912 1099 1958 sensuum
1121 1894 1235 1957 redun-

124 1989 188 2057 dare
207 1994 428 2059 reuelationem
451 1997 734 2060 sacratissimorum
756 1997 977 2061 intellectuum
1000 1999 1032 2062 et
1050 2000 1142 2060 antea
1156 1995 1236 2061 mihi

95 2095 236 2175 sperius
255 2094 450 2161 occultorum
472 2100 636 2180 repentina
662 2102 779 2166 domini
802 2100 1021 2166 inlustratione
1043 2100 1181 2183 percepi:
1198 2103 1235 2163 ut

122 2197 152 2260 iu
170 2199 215 2262 his
235 2217 358 2265 merear
379 2200 498 2266 diutius
520 2202 682 2284 inmorari,
711 2202 843 2269 sollicite
870 2203 948 2269 mihi
971 2206 1019 2268 est
1042 2202 1233 2284 frequenter-

121 2319 174 2383 que
199 2304 411 2369 clamandum:
441 2306 535 2370 deus
562 2306 603 2371 iu
631 2305 877 2372 adiutorium
907 2324 1028 2371 meum
1052 2304 1232 2370 intende:

121 2404 264 2471 domine
285 2408 332 2471 ad
354 2408 621 2475 adiuuandum
649 2410 744 2475 mihi
778 2410 937 2475 festina.
976 2409 1136 2473 nocturnis
1159 2407 1285 2479 dae-13

122 2526 237 2573 monum
272 2510 443 2575 terroribus
481 2512 736 2580 circumuallatus
775 2513 914 2596 exagitor
948 2513 980 2577 et
1011 2512 1232 2577 inmundorum

93 2610 276 2692 nspirituum
299 2613 570 2696 phantasmatibus
592 2616 758 2699 inquietor,
782 2635 853 2699 spes
876 2617 945 2698 ipse
966 2615 1044 2681 mihi
1067 2615 1180 2680 salutis
1196 2634 1232 2679 ao

120 2714 193 2781 uitae
213 2718 429 2800 trepidationis
452 2718 576 2786 horrore
599 2720 811 2786 subtrahitur:
836 2721 876 2786 ad
899 2721 1069 2785 salutarem
1084 2718 1232 2783 uersiculi

120 2817 202 2883 huius
226 2826 351 2903 pontum
380 2820 563 2906 confugiens
594 2824 669 2889 totis
698 2823 821 2888 uiribus
851 2822 1046 2888 exclamabo:
1076 2824 1170 2887 deus
1191 2822 1231 2887 in

119 2921 356 2988 adiutorium
378 2944 501 2990 meum
523 2926 709 2992 intende:
732 2928 885 2992 domiue
902 2927 947 2991 ed
963 2927 1229 2991 adiuuandum

120 3026 202 3089 mihi
224 3026 386 3093 festina.
423 3047 531 3093 mrsus
553 3047 626 3093 eum
648 3029 735 3094 iuero
764 3030 976 3095 consolatione
998 3028 1117 3094 domiui
1141 3047 1230 3112 repa·

91 3130 195 3195 sratm
216 3133 248 3195 et
267 3132 368 3214 ipsius
392 3132 550 3197 animatus
580 3133 720 3197 aduentu
743 3134 831 3198 uelut
854 3133 1024 3197 innumeris
1046 3132 1229 3216 angelorum

118 3232 234 3299 milibus
256 3254 307 3300 me
328 3254 452 3299 sensero
476 3236 747 3319 circumsaeptum,
770 3236 819 3301 ita
840 3237 876 3300 ut
899 3254 1014 3315 eorum,
1035 3252 1113 3317 quos
1128 3237 1228 3300 morte

118 3337 232 3416 granius
253 3341 346 3402 autea
366 3340 591 3405 tremescebnm
614 3342 647 3403 et
669 3358 801 3421 quorum
824 3340 954 3421 tactum,
970 3339 1066 3403 immo
1082 3338 1226 3404 uiciniam

118 3437 229 3506 horrore
258 3443 372 3506 mentis
395 3444 427 3506 et
449 3444 583 3523 corporis
607 3442 791 3518 sentiebam,
821 3446 946 3525 repente
969 3460 1152 3524 congressus
1175 3461 1226 3506 sx-

118 3543 208 3621 petere
234 3546 367 3610 audeam
391 3562 428 3609 ac
450 3563 616 3627 prouocare
643 3545 821 3611 conflictus:
853 3546 888 3610 ut
909 3548 941 3611 in
964 3565 1013 3614 me
1036 3546 1227 3611 constantias

157 3800 224 3852 lue
247 3798 273 3853 V
372 3799 553 3868 dispersiones
574 3800 617 3854 D:
653 3800 831 3868 dispersiones
859 3800 942 3855 VOX
1050 3800 1226 3855 2cohercere

121 3878 199 3937 VPX:
227 3900 345 3940 coercere
371 3885 429 3941 Do
536 3885 554 3939 3
578 3886 666 3954 adque
692 3885 744 3939 VO
846 3886 1043 3940 fanthasmatae
1070 3886 1097 3940 V
1121 3886 1225 3939 iantas-

115 3971 176 4022 nats
195 3970 278 4027 DOP
379 3973 394 4025 ‘l
419 3972 562 4041 gimitihus
589 3970 616 4025 V
714 3973 731 4026 8
757 3971 843 4040 adque
873 3971 922 4028 VO
1027 3974 1059 4027 10
1081 3972 1149 4026 mihi
1173 3989 1224 4028 om.

115 4051 141 4105 D
233 4060 266 4113 13
283 4061 436 4113 obsecutum
454 4058 486 4112 D
514 4059 754 4128 consequutumo
855 4060 954 4127 quoqui
977 4058 1019 4113 D²
1123 4060 1154 4113 16
1171 4059 1224 4113 fre-

116 4144 257 4212 quentcrqni
278 4143 319 4199 D¹
423 4145 456 4198 19
479 4146 604 4215 exagitor
631 4145 664 4198 V¹
767 4145 802 4199 20
822 4145 969 4198 fanthasm.
992 4145 1019 4200 V
1044 4144 1170 4200 fantasm.
1195 4144 1225 4198 D

119 4223 162 4279 ΟΡ
247 4230 384 4300 inquietor
406 4230 440 4285 V¹
539 4231 576 4285 24
591 4230 686 4284 listina
707 4230 735 4284 V
825 4246 930 4286 rursum
952 4231 1054 4287 OPXo
1148 4246 1223 4300 rspe-

115 4313 180 4365 usur
195 4312 234 4368 Β*
324 4316 357 4371 25
375 4317 514 4371 animetur
531 4316 572 4371 D¹
664 4318 699 4373 ab
716 4318 921 4387 circumseptum
941 4318 1017 4373 codd.
1115 4316 1148 4370 27
1166 4320 1221 4370 tre·

115 4396 240 4455 miscebam
256 4404 286 4458 D
389 4419 478 4457 corum
498 4403 616 4459 tactuO
718 4404 753 4458 28
770 4408 906 4474 repetente
924 4404 954 4457 D
