3092 4967
336 419 398 485 108
728 414 892 469 Iohannis
911 413 1069 468 Cassiani

333 626 425 691 qoem
447 608 593 673 nolumus
615 606 753 673 laborem
775 623 811 671 so
832 604 990 672 uirtutum
1004 603 1108 671 studia
1122 602 1300 687 pronooatis
1317 602 1457 687 aequites
1536 681 1537 691 χ

261 794 264 801 ¹
303 711 449 796 boptime
471 709 577 778 media
596 710 779 792 retentetur,
796 712 827 773 et
842 707 984 791 tepidum
1000 709 1122 775 nostrae
1147 708 1320 773 uoluntatis
1335 706 1457 772 arbitri·
1536 788 1537 793 Ἰ

332 833 388 881 nm
409 814 484 879 irino
497 813 627 896 spiritus
641 813 754 897 feruor,
769 812 859 879 illino
873 812 975 879 earnis
990 811 1204 896 gelidissimas
1219 814 1300 896 rigor
1316 810 1455 877 modera-
1536 818 1537 893 j

333 916 456 985 tissime
471 917 573 985 oalore
587 918 830 1000 contemperent,
846 935 882 983 ae
898 934 998 999 neque
1009 916 1050 983 ad
1063 915 1214 983 effrenata
1228 916 1307 981 uitia
1323 914 1457 979 mentem
1536 923 1537 928 ’

332 1019 472 1103 pertrahi
494 1021 746 1105 eoncupiscentia
774 1020 906 1103 spiritus
928 1018 1011 1087 sinat
1031 1038 1090 1085 neo
1111 1037 1218 1085 rursus
1239 1022 1279 1085 ad
1303 1016 1481 1086 nirtntnme

333 1123 566 1191 inrationabiles
608 1124 765 1207 adpetitas
802 1122 959 1207 fragilitas
998 1124 1099 1189 earnis
1136 1122 1283 1207 spiritum
1319 1119 1457 1203 patiatur
1526 1105 1531 1194 l

332 1225 451 1304 extolli,
473 1245 513 1293 ne
532 1228 587 1293 nel
608 1226 682 1293 inde
705 1227 906 1311 omnigenum
928 1225 1086 1307 pullulent
1101 1225 1228 1291 fomites
1242 1226 1391 1291 uitiorum
1407 1224 1456 1289 nol
1527 1224 1537 1310 1

332 1328 406 1395 hino
438 1329 532 1395 elatio
564 1330 666 1396 morbi
697 1329 876 1414 principalis
909 1346 1070 1414 emergens
1105 1328 1168 1395 telo
1207 1346 1263 1395 nos
1295 1326 1456 1411 superbiae
1527 1323 1532 1402 j

332 1432 477 1519 grauiore
512 1432 678 1512 eonfodiat,
714 1434 770 1499 sed
806 1433 917 1499 horum
957 1449 1079 1517 pugnae
1116 1431 1335 1515 aequilibratio
1375 1428 1456 1495 insta
1531 1456 1537 1517 p

333 1535 498 1601 suooedsns
520 1554 628 1603 sanam
650 1538 682 1602 et
704 1537 899 1603 moderatam
919 1537 1001 1602 inter
1023 1536 1155 1619 utraque
1171 1534 1327 1601 uirtutum
1342 1535 1482 1603 resereto
1533 1524 1537 1619 s

333 1638 429 1717 uiam,
458 1640 570 1705 itinere
597 1641 682 1724 regio
711 1640 824 1706 doeens
854 1637 988 1706 militem
1011 1636 1127 1705 Christi
1155 1656 1278 1720 sempor
1304 1637 1454 1703 inoedere.
1531 1645 1537 1655 '‘

302 1741 428 1825 totque
454 1743 500 1810 ita
528 1742 591 1821 fist,
621 1747 657 1808 ut
680 1760 752 1808 enm
775 1761 830 1825 pro
852 1745 958 1826 teporo
978 1742 1071 1808 huius
1093 1761 1187 1825 qnam
1209 1738 1345 1807 diximus
1367 1742 1455 1825 igna-

333 1845 479 1911 uissimos
500 1843 676 1911 uoluntatis
699 1844 884 1929 propensius
906 1864 994 1912 mens
1017 1845 1057 1913 sd
1077 1844 1230 1913 desideria
1245 1844 1346 1910 earnis
1361 1842 1454 1908 luerit
1536 1912 1537 1923 χ

334 1948 491 2029 deuolute,
507 1948 638 2030 spiritns
652 1948 903 2031 oonoupisoentia
917 1950 1099 2029 refrenetur,
1115 1966 1309 2033 nequaquam
1321 1964 1357 2013 oo
1370 1946 1455 2012 uitiis
1534 1942 1535 1965 ³

334 2049 557 2133 adquiosoente
588 2053 730 2127 terrenis,
767 2069 952 2135 rursumque
981 2052 1008 2117 si
1034 2052 1225 2117 inmoderato
1255 2050 1377 2115 feruore
1404 2067 1482 2133 pern
1534 2040 1535 2067 ³

334 2170 492 2219 oxoessnm
521 2154 620 2220 oorrlis
650 2154 689 2220 ad
718 2154 915 2237 inpossibilia
945 2154 1041 2221 luerit
1070 2154 1198 2239 spiritus
1227 2158 1332 2219 noster
1354 2154 1387 2217 et
1409 2152 1456 2216 in·

333 2255 526 2323 considerata
546 2257 734 2342 praereptus,
763 2256 947 2323 infirmitate
969 2257 1070 2324 earnis
1092 2258 1132 2323 ad
1147 2257 1265 2323 iustum
1281 2256 1456 2323 retrahatur

333 2377 461 2426 examen
476 2361 509 2425 et
522 2362 742 2426 transcendens
757 2360 931 2427 uoluntatis
950 2360 1075 2426 nostras
1090 2360 1323 2442 tepidissimum
1338 2359 1456 2425 aarum

333 2461 585 2529 eommodissima
598 2464 750 2546 temperie
764 2464 917 2547 planoque
940 2465 1066 2529 tramite
1080 2483 1153 2530 eum
1168 2464 1288 2529 sudoris
1303 2460 1457 2531 industria

305 2566 419 2632 luiam
446 2565 646 2650 perfeetionis
675 2568 810 2635 innodat.
847 2566 950 2633 simile
973 2568 1048 2651 quid
1070 2568 1166 2633 etiam
1187 2570 1220 2633 in
1250 2566 1338 2631 illius
1361 2562 1485 2630 turries

334 2667 523 2734 extructione
552 2669 686 2753 legimns
709 2688 729 2737 a
750 2671 875 2738 domino
899 2671 1114 2754 dispensatum
1136 2672 1169 2737 in
1191 2670 1271 2736 libro
1295 2666 1456 2741 (leneseoa

335 2769 389 2837 nbi
410 2770 588 2854 linguarum
608 2772 719 2839 oborta
741 2776 865 2857 repente
887 2773 1025 2841 oonlnsio
1047 2774 1216 2859 sacrilegos
1238 2791 1332 2841 ausus
1355 2770 1455 2837 homi·

334 2891 410 2939 num
443 2873 651 2959 nefandosque
684 2876 872 2960 oonpesouit.
909 2877 1131 2960 permansisset
1164 2878 1247 2941 enim
1282 2874 1382 2941 etiam
1413 2872 1459 2940 ibi

334 2977 483 3043 aduersus
514 2977 616 3063 deum,
650 2980 746 3045 immo
772 2983 920 3045 aduersus
942 2997 993 3045 eos
1016 2981 1070 3063 qui
1091 2980 1230 3045 diuinam
1251 2979 1318 3045 eins
1341 2977 1459 3044 altem

334 3081 422 3164 ptare
433 3084 596 3163 ooepsraut
606 3083 801 3149 maiestatem
813 3100 978 3149 oonsensus
992 3084 1110 3161 noxius,
1126 3082 1190 3150 nisi
1204 3100 1255 3149 eos
1270 3081 1490 3165 dispensati-a

335 3200 394 3249 one
414 3183 467 3249 dei
488 3202 663 3269 repugnans
683 3186 766 3251 inter
788 3204 821 3252 se
843 3186 1010 3253 diuersitas
1025 3186 1151 3272 linguae
1165 3205 1220 3268 per
1235 3185 1460 3253 dissonantiam

334 3287 421 3353 noeis
451 3288 485 3352 in
516 3288 677 3355 meliorem
710 3290 830 3355 statum
859 3290 1006 3375 profioere
1040 3288 1237 3373 oonpnlisset,
1268 3289 1300 3354 et
1321 3306 1398 3373 quos
1420 3287 1460 3353 ad

334 3389 490 3455 enoidinm
525 3391 575 3457 sui
611 3391 804 3458 animauorat
842 3393 1014 3475 pernioiosa
1049 3394 1215 3471 mosomio,
1253 3392 1292 3459 ad
1325 3390 1461 3458 salntem

436 3575 469 3630 al
493 3576 529 3633 of.
550 3576 616 3633 (lea.
635 3580 667 3633 11

389 3743 566 3816 inequitatis
576 3745 617 3802 D¹
708 3748 936 3806 lobtimeDOP
1023 3750 1110 3807 sillia
1120 3749 1162 3805 111
1251 3749 1339 3818 rigore
1354 3747 1391 3804 W

335 3830 552 3887 moderatissemo
570 3833 610 3887 D·
694 3834 902 3905 4oonteperent
919 3835 960 3891 111
987 3838 1165 3905 oontemperet
1182 3833 1283 3890 D'PX
1366 3834 1462 3889 trur-

335 3932 395 3973 sum
411 3918 469 3973 PX
554 3919 830 3990 spumarum„
846 3921 877 3977 D
961 3921 1162 3991 aequiliberatio
1179 3920 1260 3977 12¹0*
1351 3920 1383 3976 10
1398 3935 1463 3973 suo·

336 4004 486 4061 oondensO
571 4005 866 4076 utraqneDWOPX=
883 4010 1022 4078 unamque
1036 4006 1298 4077 Vofindoapw
1377 4021 1464 4061 roser-

310 4093 383 4149 .net
400 4090 459 4146 Px
555 4093 587 4148 11
605 4093 705 4147 iterem
720 4091 760 4145 111
859 4092 892 4148 12
910 4093 1042 4163 adquet'
1137 4092 1170 4147 lit
1186 4092 1245 4148 PX
1340 4095 1465 4159 tompore

338 4174 426 4233 W¹P¹
525 4177 558 4233 le
575 4176 729 4246 inposibilia
745 4176 776 4232 D
868 4181 896 4233 et
913 4178 1010 4235 ΜΟ
1109 4178 1141 4233 l?
1159 4179 1318 4248 praeruptum
1342 4176 1389 4232 VO

335 4261 521 4317 infirmitatem
543 4262 578 4317 1⁷¹
681 4264 716 4319 18
736 4264 991 4321 trmssoeudenso
1092 4263 1128 4319 aa
1150 4263 1334 4333 nolanquae
1354 4260 1389 4317 71

334 4347 609 4418 summano
