3092 4967
480 476 641 532 Conlatio
662 476 782 538 XVIIII,
801 477 877 530 1-2.
1175 480 1241 547 535

127 671 224 734 uidens
239 668 298 733 hoc
312 667 488 749 praedictus
503 667 584 733 abba
598 667 725 745 Paulus,
742 667 797 749 qui
811 666 894 731 inter
907 667 1017 733 turbas
1030 667 1239 734 ministranti-

126 790 173 835 um
195 770 325 835 fratrum
348 770 484 836 soilioite
506 769 707 851 discurrebat,
731 770 835 835 exerta
856 788 952 834 manu
974 770 1065 853 alapa
1087 791 1158 836 eum
1180 773 1239 837 sub

125 874 256 939 omnium
280 873 435 955 percussit
457 872 585 951 intuitu,
610 872 655 937 ita
676 874 713 937 ut
733 872 847 936 inlisae
869 874 990 938 sonitus
1003 876 1126 956 palmae
1141 875 1238 941 etiam

124 994 295 1042 auersorum
325 975 377 1039 usl
406 975 529 1058 longius
560 974 786 1040 considentium
817 976 944 1039 auribus
970 976 1147 1042 resultaret.
1185 982 1270 1046 sod3

104 1081 154 1145 sid
175 1077 388 1146 memorabilis
403 1079 574 1161 patientiae
589 1078 712 1143 iuuenis
727 1080 817 1142 tauta
832 1078 930 1144 animi
943 1080 1075 1144 lenitate
1091 1083 1239 1164 suscepit,

124 1189 157 1249 ut
183 1201 244 1248 nou
273 1185 364 1248 modo
394 1182 501 1246 nullus
531 1182 628 1246 fuerit
656 1202 693 1246 er
719 1198 770 1246 ore
792 1182 859 1246 eius
880 1200 983 1247 sermo
1003 1184 1166 1267 prolapsus
1186 1186 1241 1249 uel

123 1288 337 1353 tenuissimum
359 1304 502 1349 murmur
524 1286 620 1349 tacita
640 1284 795 1350 labiorum
818 1286 990 1369 agitatione
1003 1287 1170 1370 signatum,
1186 1288 1240 1353 sed

122 1410 159 1455 ne
179 1390 248 1473 ipsa
271 1390 394 1471 quidem
418 1387 479 1451 oris
501 1388 653 1452 modestis
675 1407 711 1452 ac
732 1388 944 1470 tranquillitas
967 1390 1023 1451 aut
1036 1389 1120 1455 color
1133 1391 1241 1455 saltim

122 1494 439 1576 quantulumcumque
471 1491 621 1554 mutatus.
661 1490 740 1573 quod
771 1489 892 1556 factum
920 1510 982 1556 non
1011 1492 1111 1559 solum
1140 1495 1240 1573 nobie,

91 1600 170 1679 requi
198 1614 296 1677 nuper
326 1596 363 1659 de
394 1593 499 1676 Syriae
532 1594 719 1657 monasterio
755 1594 916 1657 uenientes
948 1596 1119 1677 pationtiae
1148 1598 1242 1662 huius

121 1701 271 1764 uirtutem
302 1715 364 1761 nou
393 1698 460 1761 tam
494 1696 692 1761 euidentibus
725 1714 958 1779 perceperamus
991 1698 1151 1781 exemplis,
1186 1700 1242 1764 seri

121 1806 212 1867 etlam
244 1802 363 1865 cunctis
392 1802 445 1881 qui
474 1799 613 1881 expertos
640 1799 753 1863 talium
784 1818 845 1864 non
878 1803 965 1864 erant
994 1800 1168 1866 studiorum
1195 1805 1243 1868 ita

119 1906 234 1971 mirum
256 1904 328 1979 fuit,
351 1906 387 1967 ut
410 1902 505 1967 etiam
529 1902 660 1967 summis
683 1901 760 1967 uiris
787 1903 956 1985 praecipua
977 1924 1033 1986 per
1048 1906 1106 1969 hoc
1121 1905 1239 1971 factum

119 2008 285 2073 inferretur
318 2005 491 2083 instructio
527 2006 608 2087 quod
642 2005 773 2087 scilicet,
805 2005 930 2070 etiamsi
956 2007 1143 2088 patientiam
1174 2008 1241 2073 eius

87 2136 111 2175 re
120 2110 272 2191 correptio
295 2110 425 2191 paterna
447 2127 508 2173 non
530 2112 682 2183 mouerat,
698 2127 754 2172 nae
768 2109 980 2190 spectaculum
996 2108 1121 2191 quidem
1136 2111 1243 2177 tantas

119 2212 333 2280 multitudinis
356 2212 422 2277 ullo
444 2211 568 2276 uultum
590 2211 688 2291 ipsius
710 2210 833 2275 ruboris
856 2211 998 2275 tinxisset
1020 2211 1145 2279 indicis.

162 2315 205 2381 II.
229 2318 265 2381 In
288 2318 346 2381 hoc
367 2316 473 2396 itaque
496 2313 641 2379 coenobio
657 2315 850 2398 repperimus
863 2315 1119 2396 antiquissimum
1135 2336 1241 2383 senem

116 2420 244 2486 nomine
275 2419 454 2493 Iohannem,
486 2418 573 2481 cuius
604 2418 699 2482 uerba
727 2418 846 2499 pariter
875 2422 906 2481 et
936 2418 1151 2485 bumilitatem
1180 2440 1243 2502 qua

116 2524 233 2589 sanetis
256 2521 399 2587 omuibus
421 2520 640 2603 praeminebat
665 2538 860 2604 nequaquam
875 2521 1002 2586 silentio
1017 2523 1244 2603 praetereunda

82 2627 305 2706 recensuimus,
339 2625 470 2689 scientes
504 2640 574 2687 eum
608 2623 666 2688 hac
699 2626 834 2688 manime
866 2624 1058 2707 perfectione
1092 2624 1242 2707 uiguisse,

116 2748 197 2811 quae
230 2744 302 2793 cunr
336 2726 377 2791 sit
409 2728 563 2792 uirtutum
599 2727 738 2791 omniurn
772 2731 876 2791 mater
905 2745 942 2791 ac
969 2727 1067 2791 totius
1092 2728 1243 2810 spiritalis

116 2834 296 2897 structurae
318 2829 541 2895 solidissimum
564 2830 814 2907 fundamentum,
838 2832 984 2895 anostris
999 2833 1123 2913 penitus
1139 2832 1243 2896 exulat

115 2933 286 2999 institutis.
324 2930 405 2997 unde
427 2949 485 2997 non
510 2933 626 2997 mirum
649 2935 698 2996 est
723 2950 780 2997 nec
801 2933 840 2998 ad
862 2932 989 2997 illomm
1012 2932 1274 2999 sublimitatsm2

115 3056 172 3103 nos
202 3054 293 3119 posse
322 3034 533 3111 conscendere,
565 3036 699 3116 quinon
722 3034 827 3126 dicam
849 3054 946 3117 usque
968 3036 1006 3099 ad
1029 3040 1188 3100 senectam
1210 3036 1243 3099 iu

81 3138 258 3205 acoenobii
281 3156 461 3221 permanere
482 3154 544 3203 non
574 3156 738 3219 possumus
762 3138 936 3220 disciplina,
966 3138 1020 3202 sed
1043 3141 1094 3203 uix
1117 3138 1242 3203 biennio

115 3242 319 3309 subiectionis
363 3241 471 3323 iugum
516 3240 669 3305 sustinere
707 3242 844 3307 contenti
881 3242 921 3307 ad
957 3243 1243 3324 praesumptionem

113 3347 224 3413 noxiae
261 3343 417 3408 libertatis
452 3343 594 3424 protinus
632 3344 803 3423 auolamus,
841 3362 913 3408 curn
946 3347 1052 3410 tamen
1086 3344 1142 3408 illo
1176 3344 1244 3426 ipso

113 3464 214 3533 paruo
237 3450 375 3529 ternpore
398 3462 460 3509 nou
483 3445 652 3511 secuudum
676 3446 765 3511 iilam
788 3446 993 3512 districtionis
1015 3447 1166 3529 regulam,
1189 3449 1243 3511 sod

112 3568 170 3637 pro
193 3548 295 3617 nostri
319 3546 444 3613 arbitrii
460 3547 605 3615 libertate
627 3552 796 3632 utcumque
818 3549 948 3615 senioris
962 3548 1063 3614 subiti
1079 3550 1243 3615 uideamur

166 3776 182 3828 1
211 3770 297 3825 abbas
323 3768 372 3826 Rc
475 3771 491 3825 2
517 3770 622 3839 alamur
649 3770 689 3824 F¹
791 3772 810 3825 8
833 3788 863 3825 ac
884 3771 952 3826 BF:
982 3772 1033 3825 hac
1058 3771 1081 3826 0
1108 3770 1194 3841 adque
1216 3772 1246 3827 Β

110 3862 196 3927 atque
214 3856 256 3926 βυ
342 3856 439 3909 saltem
451 3855 571 3911 BFOR²
658 3856 691 3911 12
709 3858 826 3925 experti·
843 3858 875 3911 K
898 3857 999 3926 experti
1017 3858 1043 3911 Z
1130 3860 1163 3913 14
1180 3874 1245 3913 oon-

108 3944 233 3999 farretur
253 3941 355 4011 011110
454 3943 627 4012 nouercae
724 3944 757 3997 16
775 3942 879 3999 roboris
896 3942 928 3997 F
1020 3944 1160 3998 1110111101
1180 3944 1244 4000 OK¹

109 4066 138 4121 Z
247 4063 279 4118 17
305 4063 449 4132 reperimur
477 4063 509 4116 K
610 4062 643 4118 18
668 4064 793 4118 iohansm
818 4064 846 4118 B
948 4038 998 4133 qui
1023 4065 1050 4119 B
1079 4066 1126 4134 qui
1148 4066 1179 4119 F

110 4153 144 4207 19
164 4148 347 4205 silentiunm.
366 4148 397 4203 F
495 4150 687 4205 2011111000
783 4150 987 4205 22011110111Ὶ
1079 4151 1159 4205 24111
1177 4150 1244 4205 BF:

109 4236 162 4290 sub
190 4232 287 4303 ORtlo
389 4234 423 4288 26
446 4234 557 4301 1111100
659 4234 936 4305 271010111οΒβο
1038 4235 1243 4305 28secundum]

108 4318 249 4377 solan
349 4320 530 4374 destrictionis
548 4320 653 4376 B¹F¹0
748 4320 783 4375 29
800 4320 885 4376 subici
902 4322 1043 4376 uideamur
1059 4322 1170 4389 Imperio
1189 4320 1248 4375 BF

110 4408 180 4465 0132
211 4404 376 4459 subiciamus
398 4406 508 4475 Imperio
531 4406 584 4476 ῥυ,
613 4408 661 4476 put
683 4406 807 4462 addant:
836 4410 869 4462 ut
891 4423 944 4462 non
964 4408 1110 4476 patientiae
1126 4406 1247 4460 fructum
