3092 4967
277 421 340 489 180
666 420 832 476 Iohannis
854 418 1012 475 Cassiani

276 608 423 695 quoniam
446 627 541 693 supra
562 608 769 676 eondioionem
797 612 926 677 naturae
954 610 1079 677 uidetur
1100 609 1264 690 humanae,
1295 626 1396 676 neees-

276 716 393 780 sarinm
415 730 485 779 reor
504 714 650 795 primitus
676 712 839 796 explicare.

319 816 362 885 IL
391 816 453 883 Hie
479 815 578 901 igitur
605 833 661 900 pro
689 817 812 883 interm
845 814 945 884 oordis
977 820 1071 901 atque
1104 814 1227 882 animae
1256 817 1396 882 castitate
1519 860 1520 885 r

276 920 437 987 nocturnis
459 920 638 1003 diurnisque
659 920 816 1006 preoibns,
831 920 955 988 ieiuniis
971 938 1092 1004 quoquo
1106 938 1144 986 eo
1157 918 1277 1005 uigiliis
1292 916 1396 985 inisti·
1519 978 1520 989 ,

275 1023 425 1107 gebiliter
450 1024 600 1090 insistens
626 1042 698 1090 eum
728 1024 860 1091 uidisset
886 1025 1061 1091 orationum
1082 1040 1208 1090 suarum
1231 1020 1427 1089 obtinuisses
1519 1054 1520 1057 =

276 1146 309 1193 se
330 1131 405 1194 nota
425 1127 615 1209 eunetoequo
636 1128 741 1193 aestus
755 1128 791 1192 in
805 1127 896 1193 eorde
913 1144 969 1193 suo
984 1124 1252 1211 eouenpiseontiee
1267 1123 1397 1191 cunulis

276 1231 436 1309 extinctos,
452 1230 541 1297 uelut
554 1228 741 1296 maumimo
763 1234 860 1315 gustu
875 1228 1024 1314 puritatis
1041 1246 1188 1296 mensus
1203 1228 1237 1294 in
1252 1230 1395 1294 maiorem

276 1335 369 1400 sitem
402 1335 468 1400 selo
501 1332 803 1399 montemnis
833 1334 865 1398 et
893 1331 1116 1399 intentioribus
1145 1333 1247 1415 eoepit
1275 1330 1397 1397 ieiuniis
1520 1378 1521 1405 ἶ

276 1440 370 1521 atque
390 1436 655 1504 obseoretionibus
677 1436 835 1521 incubare,
858 1436 895 1531 ut
916 1435 1116 1501 mortificatio
1131 1434 1284 1519 passionis
1299 1436 1398 1513 huius,
1512 1492 1513 1499 ,

275 1560 354 1625 quae
375 1541 516 1607 interiori
539 1540 659 1607 homini
680 1559 736 1608 suo
758 1540 838 1607 dono
859 1539 910 1607 dei
925 1540 1028 1606 iuerat
1044 1539 1214 1616 adtributa,
1230 1539 1271 1605 ad
1286 1539 1430 1605 exteri-o

276 1646 339 1710 oris
365 1642 462 1711 etiam
490 1645 660 1727 puritatem
689 1646 817 1711 onnus
845 1644 1032 1728 perueniret,
1064 1645 1102 1709 nt
1126 1660 1164 1709 ne
1186 1642 1252 1726 ipse
1273 1640 1399 1725 quiden

276 1750 329 1815 nel
349 1746 406 1813 illo
426 1746 563 1830 simpliei
585 1766 623 1813 ao
644 1748 781 1813 naturali
803 1750 890 1813 motu
912 1747 967 1831 qni
992 1747 1090 1813 etiarn
1104 1748 1136 1812 in
1154 1746 1292 1830 paruulis
1309 1747 1401 1828 atquo

277 1849 467 1917 laetentibus
482 1850 637 1916 exoretur
650 1850 784 1917 ulterius
796 1850 982 1934 pulsaretur,
995 1849 1117 1933 indepti
1129 1848 1249 1916 scilieet
1260 1846 1402 1914 muneris

277 1953 497 2038 experimento,
527 1954 609 2035 quod
639 1972 672 2019 so
699 1959 828 2020 uoueret
857 1973 918 2020 non
948 1955 1090 2021 laborum
1120 1954 1242 2035 merito,
1272 1952 1330 2018 sod
1356 1950 1403 2017 dei

186 2128 191 2141 ,
277 2057 380 2143 gratia
401 2058 608 2132 consecutum,
631 2060 789 2125 ardentius
810 2058 969 2124 animatus
992 2058 1031 2123 ad
1046 2058 1105 2124 hoe
1119 2074 1240 2141 qnoque
1254 2054 1434 2122 similiteru

278 2160 488 2243 obtinendum,
505 2161 631 2225 eredens
645 2162 746 2227 multo
764 2160 889 2227 ieoilius
904 2161 961 2227 hos
975 2158 1120 2227 stimulos
1132 2161 1235 2227 earnis
1251 2160 1403 2226 radicitus

277 2266 369 2333 deum
397 2281 485 2347 posse
512 2262 694 2341 conuellere,
724 2282 802 2347 quos
831 2265 926 2331 etiam
955 2264 1109 2330 humanae
1138 2263 1217 2329 artis
1246 2262 1404 2329 industria

277 2383 511 2451 nonnumquam
538 2364 619 2429 solet
645 2366 831 2448 quibusdam
860 2366 980 2451 poculis
1009 2367 1061 2433 nel
1084 2366 1327 2433 medioamentis
1351 2384 1403 2439 seu

277 2470 352 2539 ferri
366 2470 501 2538 sectione
515 2466 686 2548 detrahere,
709 2470 957 2555 quandoquidem
973 2470 1063 2536 illum
1078 2472 1206 2554 spiritus
1220 2470 1403 2556 puritatem,
1521 2478 1522 2481 ’

279 2593 358 2660 quae
384 2572 548 2640 snbdmior
575 2575 624 2637 est
652 2588 805 2656 quamque
833 2573 1015 2657 inpossibile
1045 2574 1092 2641 est
1124 2575 1261 2640 humano
1295 2573 1438 2640 labores

247 2675 331 2746 2uel
352 2676 456 2743 studio
478 2674 697 2758 conprehendi,
712 2693 767 2742 suo
782 2696 908 2744 munere
923 2680 1117 2746 eontulisset.
1147 2695 1279 2760 eumque
1294 2676 1406 2759 petiti·

279 2782 330 2849 oni
353 2782 479 2865 eoeptae
500 2778 730 2863 supplioatione
752 2780 820 2863 iugi
840 2798 877 2846 ao
891 2779 1027 2847 laonmis
1043 2780 1215 2849 indefessos
1230 2778 1406 2853 insisteret,

279 2885 446 2953 adueniens
468 2884 506 2949 ad
529 2900 601 2949 eum
628 2883 758 2967 angelus
780 2882 815 2948 in
839 2880 959 2950 uisione
987 2886 1138 2950 nocturne
1166 2884 1292 2967 eiusque
1315 2882 1407 2947 uolut
1522 2946 1523 2957 ,

279 2989 418 3074 aperiens
450 2988 575 3052 uterum
609 2986 766 3070 quendem
798 2984 934 3068 ignitam
962 2987 1065 3052 earnis
1093 2990 1247 3053 strumam
1276 2986 1314 3049 de
1340 2986 1408 3050 eins

279 3090 452 3157 uisceribus
481 3089 619 3156 euellens
650 3093 743 3172 atquo
770 3088 923 3171 proioiens
945 3092 1069 3175 suisque
1092 3091 1197 3156 omnis
1218 3092 1255 3155 nt
1278 3086 1442 3154 foetantes

280 3198 356 3263 loeis
384 3192 536 3261 intestina
563 3192 748 3258 restituens:
779 3209 859 3274 seue,
889 3190 1002 3273 inquit,
1026 3192 1186 3258 intentius
1207 3194 1281 3258 tuae
1302 3189 1409 3257 earnis
1521 3182 1523 3191 ⁴

279 3298 403 3365 abscisa
423 3301 499 3364 suut
521 3297 553 3362 et
574 3294 750 3362 obtinuisse
771 3294 803 3359 te
825 3294 950 3359 noueris
980 3292 1126 3361 hodierno
1148 3294 1198 3360 die
1220 3298 1410 3378 perpetuam

280 3400 419 3487 eorporis
443 3398 615 3483 puritatem
643 3416 736 3482 quam
765 3394 901 3463 fideliter
928 3396 1107 3482 poposeisti.
1142 3397 1217 3464 haee
1242 3398 1280 3463 de
1302 3397 1413 3482 gratia

280 3504 339 3584 dei,
367 3520 447 3586 quae
474 3503 644 3569 memerato
672 3501 740 3567 uiro
768 3500 967 3585 peculiariter
996 3501 1156 3568 adtributa
1183 3504 1242 3583 est,
1270 3501 1411 3570 breuiter

331 3675 347 3728 1
365 3671 544 3729 eonditionem
561 3672 686 3729 VDWX
768 3672 878 3728 uidetur
890 3686 946 3727 esse
962 3671 1100 3743 12²(pr
1183 3672 1201 3727 3
1219 3672 1274 3729 ΟΧ
1290 3689 1351 3729 eon
1368 3672 1414 3728 ‹ii-

280 3761 427 3831 etitem
524 3758 543 3814 5
560 3758 665 3814 uideret
680 3758 722 3813 12¹
824 3758 841 3813 6
859 3774 887 3813 so
905 3772 955 3813 oen
973 3757 1040 3814 11¹0
1135 3758 1298 3828 metusque
1316 3758 1346 3813 V

280 3847 295 3901 'i
314 3846 449 3901 extinctus
470 3845 506 3902 V·
607 3846 721 3901 deitem
743 3845 781 3900 V:
812 3846 887 3900 sitim
905 3846 964 3901 reti.
986 3848 1021 3914 ef.
1040 3846 1128 3911 Neue,
1146 3844 1344 3901 remeasse
1362 3847 1416 3901 der

280 3934 329 3988 tot.
348 3931 412 4001 Spr-
430 3932 460 3987 P
471 3948 503 4003 p.
521 3935 575 3987 198
666 3930 787 4001 indque
808 3930 861 3986 VP
952 3933 985 3986 11
1003 3932 1084 3986 etism
1101 3930 1261 3987 hominisO
1353 3932 1416 4002 ipso

280 4018 348 4075 1220
438 4017 647 4089 laederer?
740 4018 773 4071 15
791 4020 984 4086 consequentum
1004 4017 1028 4074 0
1118 4019 1151 4073 16
1168 4017 1296 4072 stimulus
1317 4018 1347 4071 V

280 4104 314 4159 17
331 4118 409 4175 posse
425 4103 503 4158 deum
521 4103 552 4158 D
636 4102 670 4158 18
681 4102 826 4172 pusulisV
851 4103 960 4173 peonius
971 4103 1014 4158 D¹
1099 4104 1132 4159 21
1150 4104 1280 4173 petitione
1296 4104 1343 4158 1)ι

278 4190 315 4245 22
333 4189 527 4260 subplioatione
546 4189 594 4246 W·
680 4188 819 4245 indefessis
840 4188 862 4247 0
952 4190 987 4247 25
1004 4190 1089 4260 adque
1110 4190 1159 4249 VO
1245 4190 1365 4245 auellens
1384 4206 1420 4246 se

279 4276 338 4333 PX
440 4276 474 4332 26
491 4276 587 4347 inquid
607 4274 753 4334 VDWOP
854 4275 886 4330 2⁷
905 4275 1034 4331 hodierna
1051 4275 1109 4331 PX
1208 4276 1243 4331 28
1261 4276 1416 4346 puritatem

279 4363 395 4434 eorporis
417 4363 443 4419 V
