<?xml version="1.0" encoding="UTF-8"?>
<!DOCTYPE html PUBLIC "-//W3C//DTD XHTML 1.0 Transitional//EN"
    "http://www.w3.org/TR/xhtml1/DTD/xhtml1-transitional.dtd">
<html xmlns="http://www.w3.org/1999/xhtml" xml:lang="en" lang="en">
 <head>
  <title>
</title>
<meta http-equiv="Content-Type" content="text/html;charset=utf-8" />
  <meta name='ocr-system' content='tesseract 3.04.00' />
  <meta name='ocr-capabilities' content='ocr_page ocr_carea ocr_par ocr_line ocrx_word'/>
</head>
<body>
  <div class='ocr_page' id='page_1' title='image "./iohanniscassian00petsgoog_0300.png"; bbox 0 0 3092 4967; ppageno 0'>
   <div class='ocr_carea' id='block_1_1' title="bbox 307 427 1041 499">
    <p class='ocr_par' dir='ltr' id='par_1_1' title="bbox 307 427 1041 499">
     <span class='ocr_line' id='line_1_1' title="bbox 307 427 1041 499; baseline -0.014 -9"><span class='ocrx_word' id='word_1_1' title='bbox 307 434 371 499; x_wconf 79' lang='grc'>290</span> <span class='ocrx_word' id='word_1_2' title='bbox 698 430 864 486; x_wconf 79' lang='lat' dir='ltr'>Iohannis</span> <span class='ocrx_word' id='word_1_3' title='bbox 882 427 1041 484; x_wconf 79' lang='lat' dir='ltr'>Cassiani</span> 
     </span>
    </p>
   </div>
   <div class='ocr_carea' id='block_1_2' title="bbox 278 618 1441 1432">
    <p class='ocr_par' dir='ltr' id='par_1_2' title="bbox 278 618 1441 1432">
     <span class='ocr_line' id='line_1_2' title="bbox 278 618 1410 707; baseline -0.01 -16"><span class='ocrx_word' id='word_1_4' title='bbox 278 626 363 691; x_wconf 66' lang='lat' dir='ltr'>ised</span> <span class='ocrx_word' id='word_1_5' title='bbox 391 626 486 690; x_wconf 89' lang='lat' dir='ltr'>etiam</span> <span class='ocrx_word' id='word_1_6' title='bbox 515 625 684 707; x_wconf 74' lang='lat' dir='ltr'>perpetuae</span> <span class='ocrx_word' id='word_1_7' title='bbox 713 620 824 686; x_wconf 91' lang='lat' dir='ltr'>mortis</span> <span class='ocrx_word' id='word_1_8' title='bbox 852 619 1021 685; x_wconf 79' lang='lat' dir='ltr'>incurrisse</span> <span class='ocrx_word' id='word_1_9' title='bbox 1043 619 1220 683; x_wconf 80' lang='lat' dir='ltr'>discrimen.</span> <span class='ocrx_word' id='word_1_10' title='bbox 1257 618 1334 682; x_wconf 87' lang='lat' dir='ltr'>unde</span> <span class='ocrx_word' id='word_1_11' title='bbox 1353 634 1410 698; x_wconf 89' lang='lat' dir='ltr'>ergo</span> 
     </span>
     <span class='ocr_line' id='line_1_3' title="bbox 307 718 1412 808; baseline -0.011 -15"><span class='ocrx_word' id='word_1_12' title='bbox 307 729 360 793; x_wconf 91' lang='lat' dir='ltr'>uel</span> <span class='ocrx_word' id='word_1_13' title='bbox 381 748 436 793; x_wconf 90' lang='lat' dir='ltr'>cur</span> <span class='ocrx_word' id='word_1_14' title='bbox 459 732 487 793; x_wconf 92' lang='lat' dir='ltr'>ei</span> <span class='ocrx_word' id='word_1_15' title='bbox 510 727 561 792; x_wconf 89' lang='lat' dir='ltr'>hic</span> <span class='ocrx_word' id='word_1_16' title='bbox 583 729 651 791; x_wconf 88' lang='lat' dir='ltr'>tam</span> <span class='ocrx_word' id='word_1_17' title='bbox 672 723 778 808; x_wconf 83' lang='lat' dir='ltr'>grauis</span> <span class='ocrx_word' id='word_1_18' title='bbox 801 741 886 789; x_wconf 89' lang='lat' dir='ltr'>error</span> <span class='ocrx_word' id='word_1_19' title='bbox 914 721 1091 805; x_wconf 80' lang='lat' dir='ltr'>inrepserit,</span> <span class='ocrx_word' id='word_1_20' title='bbox 1119 720 1257 805; x_wconf 89' lang='lat' dir='ltr'>primum</span> <span class='ocrx_word' id='word_1_21' title='bbox 1279 718 1412 786; x_wconf 87' lang='lat' dir='ltr'>desidera·</span> 
     </span>
     <span class='ocr_line' id='line_1_4' title="bbox 308 822 1414 915; baseline -0.01 -19"><span class='ocrx_word' id='word_1_22' title='bbox 308 851 378 896; x_wconf 91' lang='lat' dir='ltr'>mus</span> <span class='ocrx_word' id='word_1_23' title='bbox 406 849 582 915; x_wconf 77' lang='lat' dir='ltr'>agnoscere.</span> <span class='ocrx_word' id='word_1_24' title='bbox 618 831 729 895; x_wconf 91' lang='lat' dir='ltr'>deinde</span> <span class='ocrx_word' id='word_1_25' title='bbox 757 844 946 910; x_wconf 88' lang='lat' dir='ltr'>quaesumus</span> <span class='ocrx_word' id='word_1_26' title='bbox 969 825 1090 891; x_wconf 87' lang='lat' dir='ltr'>edoceri</span> <span class='ocrx_word' id='word_1_27' title='bbox 1112 822 1365 907; x_wconf 84' lang='lat' dir='ltr'>quemadmodum</span> <span class='ocrx_word' id='word_1_28' title='bbox 1382 822 1414 885; x_wconf 87' lang='lat' dir='ltr'>ad</span> 
     </span>
     <span class='ocr_line' id='line_1_5' title="bbox 308 925 1413 1015; baseline -0.008 -18"><span class='ocrx_word' id='word_1_29' title='bbox 308 934 398 999; x_wconf 85' lang='lat' dir='ltr'>illam</span> <span class='ocrx_word' id='word_1_30' title='bbox 420 934 571 1000; x_wconf 86' lang='lat' dir='ltr'>orationis</span> <span class='ocrx_word' id='word_1_31' title='bbox 594 932 790 1015; x_wconf 75' lang='lat' dir='ltr'>qualitatem,</span> <span class='ocrx_word' id='word_1_32' title='bbox 814 930 852 996; x_wconf 90' lang='lat' dir='ltr'>de</span> <span class='ocrx_word' id='word_1_33' title='bbox 874 929 1078 1014; x_wconf 88' lang='lat' dir='ltr'>quapridem</span> <span class='ocrx_word' id='word_1_34' title='bbox 1101 946 1162 993; x_wconf 91' lang='lat' dir='ltr'>non</span> <span class='ocrx_word' id='word_1_35' title='bbox 1185 929 1287 993; x_wconf 88' lang='lat' dir='ltr'>solum</span> <span class='ocrx_word' id='word_1_36' title='bbox 1303 925 1413 1007; x_wconf 88' lang='lat' dir='ltr'>copiose,</span> 
     </span>
     <span class='ocr_line' id='line_1_6' title="bbox 308 1030 1441 1122; baseline -0.005 -21"><span class='ocrx_word' id='word_1_37' title='bbox 308 1040 363 1103; x_wconf 88' lang='lat' dir='ltr'>sed</span> <span class='ocrx_word' id='word_1_38' title='bbox 392 1040 487 1103; x_wconf 91' lang='lat' dir='ltr'>etiam</span> <span class='ocrx_word' id='word_1_39' title='bbox 516 1036 680 1122; x_wconf 84' lang='lat' dir='ltr'>magnifice</span> <span class='ocrx_word' id='word_1_40' title='bbox 713 1034 891 1118; x_wconf 86' lang='lat' dir='ltr'>disputasti,</span> <span class='ocrx_word' id='word_1_41' title='bbox 923 1034 1086 1116; x_wconf 88' lang='lat' dir='ltr'>peruenire</span> <span class='ocrx_word' id='word_1_42' title='bbox 1113 1030 1279 1116; x_wconf 88' lang='lat' dir='ltr'>possimus.</span> <span class='ocrx_word' id='word_1_43' title='bbox 1317 1032 1346 1095; x_wconf 93' lang='lat' dir='ltr'>in</span> <span class='ocrx_word' id='word_1_44' title='bbox 1370 1031 1441 1095; x_wconf 74' lang='lat' dir='ltr'>hocs</span> 
     </span>
     <span class='ocr_line' id='line_1_7' title="bbox 308 1136 1416 1225; baseline -0.006 -20"><span class='ocrx_word' id='word_1_45' title='bbox 308 1143 392 1208; x_wconf 89' lang='lat' dir='ltr'>enim</span> <span class='ocrx_word' id='word_1_46' title='bbox 414 1142 547 1225; x_wconf 83' lang='lat' dir='ltr'>profecit</span> <span class='ocrx_word' id='word_1_47' title='bbox 568 1144 601 1205; x_wconf 89' lang='lat' dir='ltr'>in</span> <span class='ocrx_word' id='word_1_48' title='bbox 623 1137 712 1204; x_wconf 91' lang='lat' dir='ltr'>nohis</span> <span class='ocrx_word' id='word_1_49' title='bbox 742 1137 939 1204; x_wconf 88' lang='lat' dir='ltr'>admirabilis</span> <span class='ocrx_word' id='word_1_50' title='bbox 961 1136 1019 1202; x_wconf 85' lang='lat' dir='ltr'>illa</span> <span class='ocrx_word' id='word_1_51' title='bbox 1041 1136 1186 1212; x_wconf 84' lang='lat' dir='ltr'>conlatio,</span> <span class='ocrx_word' id='word_1_52' title='bbox 1213 1138 1252 1201; x_wconf 89' lang='lat' dir='ltr'>ut</span> <span class='ocrx_word' id='word_1_53' title='bbox 1274 1140 1416 1216; x_wconf 89' lang='lat' dir='ltr'>stuporem</span> 
     </span>
     <span class='ocr_line' id='line_1_8' title="bbox 308 1239 1416 1323; baseline -0.007 -14"><span class='ocrx_word' id='word_1_54' title='bbox 308 1246 526 1311; x_wconf 92' lang='lat' dir='ltr'>tantummodo</span> <span class='ocrx_word' id='word_1_55' title='bbox 556 1244 670 1309; x_wconf 91' lang='lat' dir='ltr'>mentis</span> <span class='ocrx_word' id='word_1_56' title='bbox 697 1243 865 1317; x_wconf 85' lang='lat' dir='ltr'>incuteret,</span> <span class='ocrx_word' id='word_1_57' title='bbox 893 1260 955 1309; x_wconf 92' lang='lat' dir='ltr'>non</span> <span class='ocrx_word' id='word_1_58' title='bbox 984 1239 1247 1323; x_wconf 86' lang='lat' dir='ltr'>quemadmodum</span> <span class='ocrx_word' id='word_1_59' title='bbox 1274 1258 1342 1305; x_wconf 88' lang='lat' dir='ltr'>cam</span> <span class='ocrx_word' id='word_1_60' title='bbox 1361 1256 1416 1321; x_wconf 88' lang='lat' dir='ltr'>per·</span> 
     </span>
     <span class='ocr_line' id='line_1_9' title="bbox 308 1344 1135 1432; baseline -0.002 -20"><span class='ocrx_word' id='word_1_61' title='bbox 308 1347 399 1413; x_wconf 87' lang='lat' dir='ltr'>ficere</span> <span class='ocrx_word' id='word_1_62' title='bbox 420 1350 473 1414; x_wconf 90' lang='lat' dir='ltr'>uel</span> <span class='ocrx_word' id='word_1_63' title='bbox 495 1347 722 1432; x_wconf 87' lang='lat' dir='ltr'>adprehendere</span> <span class='ocrx_word' id='word_1_64' title='bbox 743 1345 921 1411; x_wconf 86' lang='lat' dir='ltr'>ualeremus</span> <span class='ocrx_word' id='word_1_65' title='bbox 950 1344 1135 1410; x_wconf 89' lang='lat' dir='ltr'>ostenderet.</span> 
     </span>
    </p>
   </div>
   <div class='ocr_carea' id='block_1_3' title="bbox 280 1464 1514 3409">
    <p class='ocr_par' dir='ltr' id='par_1_3' title="bbox 280 1464 1514 3409">
     <span class='ocr_line' id='line_1_10' title="bbox 352 1464 1418 1546; baseline -0.008 -13"><span class='ocrx_word' id='word_1_66' title='bbox 352 1470 390 1533; x_wconf 84' lang='lat' dir='ltr'>V.</span> <span class='ocrx_word' id='word_1_67' title='bbox 413 1486 528 1536; x_wconf 75' lang='lat' dir='ltr'>rsrrc:</span> <span class='ocrx_word' id='word_1_68' title='bbox 557 1469 629 1535; x_wconf 88' lang='lat' dir='ltr'>Non</span> <span class='ocrx_word' id='word_1_69' title='bbox 657 1467 704 1532; x_wconf 92' lang='lat' dir='ltr'>est</span> <span class='ocrx_word' id='word_1_70' title='bbox 728 1464 908 1531; x_wconf 87' lang='lat' dir='ltr'>mirandum</span> <span class='ocrx_word' id='word_1_71' title='bbox 929 1465 1087 1531; x_wconf 89' lang='lat' dir='ltr'>homiuem</span> <span class='ocrx_word' id='word_1_72' title='bbox 1109 1464 1375 1546; x_wconf 89' lang='lat' dir='ltr'>simplicissimum</span> <span class='ocrx_word' id='word_1_73' title='bbox 1393 1467 1418 1525; x_wconf 86' lang='lat' dir='ltr'>et</span> 
     </span>
     <span class='ocr_line' id='line_1_11' title="bbox 308 1558 1509 1653; baseline -0.007 -17"><span class='ocrx_word' id='word_1_74' title='bbox 308 1572 347 1636; x_wconf 91' lang='lat' dir='ltr'>de</span> <span class='ocrx_word' id='word_1_75' title='bbox 368 1573 546 1639; x_wconf 88' lang='lat' dir='ltr'>substantia</span> <span class='ocrx_word' id='word_1_76' title='bbox 566 1591 603 1639; x_wconf 91' lang='lat' dir='ltr'>ac</span> <span class='ocrx_word' id='word_1_77' title='bbox 624 1572 739 1637; x_wconf 87' lang='lat' dir='ltr'>natura</span> <span class='ocrx_word' id='word_1_78' title='bbox 753 1570 932 1635; x_wconf 90' lang='lat' dir='ltr'>diuinitatis</span> <span class='ocrx_word' id='word_1_79' title='bbox 948 1586 1121 1653; x_wconf 88' lang='lat' dir='ltr'>numquam</span> <span class='ocrx_word' id='word_1_80' title='bbox 1136 1568 1263 1650; x_wconf 89' lang='lat' dir='ltr'>penitus</span> <span class='ocrx_word' id='word_1_81' title='bbox 1279 1566 1443 1633; x_wconf 83' lang='lat' dir='ltr'>emditumo</span> <span class='ocrx_word' id='word_1_82' title='bbox 1508 1558 1509 1563; x_wconf 72' lang='grc'>’</span> 
     </span>
     <span class='ocr_line' id='line_1_12' title="bbox 307 1671 1419 1755; baseline -0.005 -16"><span class='ocrx_word' id='word_1_83' title='bbox 307 1676 493 1743; x_wconf 83' lang='lat' dir='ltr'>rusticitatis</span> <span class='ocrx_word' id='word_1_84' title='bbox 524 1674 604 1741; x_wconf 90' lang='lat' dir='ltr'>uitio</span> <span class='ocrx_word' id='word_1_85' title='bbox 626 1678 658 1740; x_wconf 88' lang='lat' dir='ltr'>et</span> <span class='ocrx_word' id='word_1_86' title='bbox 687 1672 910 1739; x_wconf 90' lang='lat' dir='ltr'>consuetudine</span> <span class='ocrx_word' id='word_1_87' title='bbox 939 1671 1051 1737; x_wconf 91' lang='lat' dir='ltr'>erroris</span> <span class='ocrx_word' id='word_1_88' title='bbox 1081 1672 1204 1755; x_wconf 87' lang='lat' dir='ltr'>antiqui</span> <span class='ocrx_word' id='word_1_89' title='bbox 1234 1690 1330 1754; x_wconf 88' lang='lat' dir='ltr'>usqne</span> <span class='ocrx_word' id='word_1_90' title='bbox 1351 1686 1419 1735; x_wconf 89' lang='lat' dir='ltr'>nunc</span> 
     </span>
     <span class='ocr_line' id='line_1_13' title="bbox 308 1776 1419 1862; baseline -0.006 -19"><span class='ocrx_word' id='word_1_91' title='bbox 308 1777 441 1844; x_wconf 90' lang='lat' dir='ltr'>detineri</span> <span class='ocrx_word' id='word_1_92' title='bbox 468 1779 521 1845; x_wconf 91' lang='lat' dir='ltr'>uel</span> <span class='ocrx_word' id='word_1_93' title='bbox 553 1778 652 1862; x_wconf 88' lang='lat' dir='ltr'>decipi</span> <span class='ocrx_word' id='word_1_94' title='bbox 681 1778 820 1861; x_wconf 89' lang='lat' dir='ltr'>potuisse</span> <span class='ocrx_word' id='word_1_95' title='bbox 853 1780 885 1841; x_wconf 91' lang='lat' dir='ltr'>et</span> <span class='ocrx_word' id='word_1_96' title='bbox 918 1778 954 1841; x_wconf 91' lang='lat' dir='ltr'>ut</span> <span class='ocrx_word' id='word_1_97' title='bbox 987 1776 1094 1841; x_wconf 90' lang='lat' dir='ltr'>uerius</span> <span class='ocrx_word' id='word_1_98' title='bbox 1129 1776 1234 1841; x_wconf 92' lang='lat' dir='ltr'>dicam</span> <span class='ocrx_word' id='word_1_99' title='bbox 1266 1776 1300 1840; x_wconf 94' lang='lat' dir='ltr'>in</span> <span class='ocrx_word' id='word_1_100' title='bbox 1333 1792 1419 1839; x_wconf 85' lang='lat' dir='ltr'>errore</span> 
     </span>
     <span class='ocr_line' id='line_1_14' title="bbox 308 1876 1420 1967; baseline -0.002 -22"><span class='ocrx_word' id='word_1_101' title='bbox 308 1882 438 1962; x_wconf 88' lang='lat' dir='ltr'>pristino</span> <span class='ocrx_word' id='word_1_102' title='bbox 470 1883 646 1967; x_wconf 85' lang='lat' dir='ltr'>perdurare,</span> <span class='ocrx_word' id='word_1_103' title='bbox 675 1884 729 1965; x_wconf 92' lang='lat' dir='ltr'>qui</span> <span class='ocrx_word' id='word_1_104' title='bbox 757 1900 819 1947; x_wconf 92' lang='lat' dir='ltr'>non</span> <span class='ocrx_word' id='word_1_105' title='bbox 850 1881 970 1946; x_wconf 86' lang='lat' dir='ltr'>recenti</span> <span class='ocrx_word' id='word_1_106' title='bbox 997 1880 1080 1943; x_wconf 90' lang='lat' dir='ltr'>sicut</span> <span class='ocrx_word' id='word_1_107' title='bbox 1106 1880 1226 1961; x_wconf 90' lang='lat' dir='ltr'>putatis</span> <span class='ocrx_word' id='word_1_108' title='bbox 1250 1876 1420 1944; x_wconf 89' lang='lat' dir='ltr'>daemonum</span> 
     </span>
     <span class='ocr_line' id='line_1_15' title="bbox 308 1982 1420 2069; baseline -0.003 -22"><span class='ocrx_word' id='word_1_109' title='bbox 308 1984 473 2064; x_wconf 88' lang='lat' dir='ltr'>inlusione,</span> <span class='ocrx_word' id='word_1_110' title='bbox 502 1986 556 2051; x_wconf 93' lang='lat' dir='ltr'>sed</span> <span class='ocrx_word' id='word_1_111' title='bbox 583 1986 762 2069; x_wconf 86' lang='lat' dir='ltr'>ignorantia</span> <span class='ocrx_word' id='word_1_112' title='bbox 789 1983 938 2069; x_wconf 87' lang='lat' dir='ltr'>pristinae</span> <span class='ocrx_word' id='word_1_113' title='bbox 968 1982 1161 2067; x_wconf 81' lang='lat' dir='ltr'>gentilitatis</span> <span class='ocrx_word' id='word_1_114' title='bbox 1192 1982 1420 2059; x_wconf 69' lang='lat' dir='ltr'>isimbardum</span> 
     </span>
     <span class='ocr_line' id='line_1_16' title="bbox 308 2086 1446 2170; baseline -0.004 -19"><span class='ocrx_word' id='word_1_115' title='bbox 308 2092 477 2155; x_wconf 90' lang='lat' dir='ltr'>secundum</span> <span class='ocrx_word' id='word_1_116' title='bbox 492 2089 748 2156; x_wconf 79' lang='lat' dir='ltr'>consuetudInem</span> <span class='ocrx_word' id='word_1_117' title='bbox 764 2088 878 2153; x_wconf 88' lang='lat' dir='ltr'>erroris</span> <span class='ocrx_word' id='word_1_118' title='bbox 893 2086 992 2167; x_wconf 90' lang='lat' dir='ltr'>illius,</span> <span class='ocrx_word' id='word_1_119' title='bbox 1016 2104 1076 2170; x_wconf 92' lang='lat' dir='ltr'>quo</span> <span class='ocrx_word' id='word_1_120' title='bbox 1090 2087 1257 2152; x_wconf 89' lang='lat' dir='ltr'>daemonas</span> <span class='ocrx_word' id='word_1_121' title='bbox 1273 2086 1446 2151; x_wconf 79' lang='lat' dir='ltr'>hominumn</span> 
     </span>
     <span class='ocr_line' id='line_1_17' title="bbox 308 2189 1419 2278; baseline -0.003 -24"><span class='ocrx_word' id='word_1_122' title='bbox 308 2191 410 2273; x_wconf 86' lang='lat' dir='ltr'>figura</span> <span class='ocrx_word' id='word_1_123' title='bbox 431 2196 605 2278; x_wconf 89' lang='lat' dir='ltr'>conpositos</span> <span class='ocrx_word' id='word_1_124' title='bbox 627 2192 819 2275; x_wconf 86' lang='lat' dir='ltr'>excolebant,</span> <span class='ocrx_word' id='word_1_125' title='bbox 847 2209 929 2256; x_wconf 89' lang='lat' dir='ltr'>nunc</span> <span class='ocrx_word' id='word_1_126' title='bbox 944 2208 1066 2274; x_wconf 89' lang='lat' dir='ltr'>quoque</span> <span class='ocrx_word' id='word_1_127' title='bbox 1081 2190 1170 2256; x_wconf 89' lang='lat' dir='ltr'>illam</span> <span class='ocrx_word' id='word_1_128' title='bbox 1186 2189 1419 2274; x_wconf 87' lang='lat' dir='ltr'>inconprehensi-</span> 
     </span>
     <span class='ocr_line' id='line_1_18' title="bbox 309 2293 1422 2380; baseline -0.002 -22"><span class='ocrx_word' id='word_1_129' title='bbox 309 2295 404 2361; x_wconf 87' lang='lat' dir='ltr'>bilem</span> <span class='ocrx_word' id='word_1_130' title='bbox 427 2300 522 2380; x_wconf 92' lang='lat' dir='ltr'>atque</span> <span class='ocrx_word' id='word_1_131' title='bbox 543 2295 731 2363; x_wconf 84' lang='lat' dir='ltr'>ineffabilem</span> <span class='ocrx_word' id='word_1_132' title='bbox 754 2296 822 2361; x_wconf 90' lang='lat' dir='ltr'>ueri</span> <span class='ocrx_word' id='word_1_133' title='bbox 845 2296 984 2361; x_wconf 90' lang='lat' dir='ltr'>numinis</span> <span class='ocrx_word' id='word_1_134' title='bbox 1007 2295 1209 2359; x_wconf 87' lang='lat' dir='ltr'>maiestatem</span> <span class='ocrx_word' id='word_1_135' title='bbox 1225 2293 1284 2358; x_wconf 92' lang='lat' dir='ltr'>sub</span> <span class='ocrx_word' id='word_1_136' title='bbox 1302 2295 1422 2359; x_wconf 90' lang='lat' dir='ltr'>circum·</span> 
     </span>
     <span class='ocr_line' id='line_1_19' title="bbox 307 2396 1514 2527; baseline -0.003 -65"><span class='ocrx_word' id='word_1_137' title='bbox 307 2400 476 2482; x_wconf 90' lang='lat' dir='ltr'>scriptione</span> <span class='ocrx_word' id='word_1_138' title='bbox 503 2401 635 2466; x_wconf 87' lang='lat' dir='ltr'>alicuius</span> <span class='ocrx_word' id='word_1_139' title='bbox 663 2398 814 2482; x_wconf 86' lang='lat' dir='ltr'>imaginis</span> <span class='ocrx_word' id='word_1_140' title='bbox 843 2398 1025 2464; x_wconf 85' lang='lat' dir='ltr'>existimant</span> <span class='ocrx_word' id='word_1_141' title='bbox 1058 2400 1258 2475; x_wconf 87' lang='lat' dir='ltr'>adorandam,</span> <span class='ocrx_word' id='word_1_142' title='bbox 1294 2396 1371 2462; x_wconf 92' lang='lat' dir='ltr'>nihil</span> <span class='ocrx_word' id='word_1_143' title='bbox 1396 2414 1423 2459; x_wconf 87' lang='lat' dir='ltr'>so</span> <span class='ocrx_word' id='word_1_144' title='bbox 1513 2436 1514 2527; x_wconf 34' lang='lat' dir='ltr'>p</span> 
     </span>
     <span class='ocr_line' id='line_1_20' title="bbox 308 2500 1424 2584; baseline -0.003 -20"><span class='ocrx_word' id='word_1_145' title='bbox 308 2506 413 2567; x_wconf 88' lang='lat' dir='ltr'>tenere</span> <span class='ocrx_word' id='word_1_146' title='bbox 446 2504 497 2571; x_wconf 88' lang='lat' dir='ltr'>uel</span> <span class='ocrx_word' id='word_1_147' title='bbox 529 2502 644 2569; x_wconf 88' lang='lat' dir='ltr'>habere</span> <span class='ocrx_word' id='word_1_148' title='bbox 679 2502 850 2579; x_wconf 85' lang='lat' dir='ltr'>credentes,</span> <span class='ocrx_word' id='word_1_149' title='bbox 885 2501 913 2565; x_wconf 90' lang='lat' dir='ltr'>si</span> <span class='ocrx_word' id='word_1_150' title='bbox 946 2500 1137 2584; x_wconf 90' lang='lat' dir='ltr'>propositam</span> <span class='ocrx_word' id='word_1_151' title='bbox 1171 2518 1232 2566; x_wconf 91' lang='lat' dir='ltr'>non</span> <span class='ocrx_word' id='word_1_152' title='bbox 1267 2500 1424 2567; x_wconf 87' lang='lat' dir='ltr'>habuerint</span> 
     </span>
     <span class='ocr_line' id='line_1_21' title="bbox 307 2603 1449 2687; baseline -0.001 -21"><span class='ocrx_word' id='word_1_153' title='bbox 307 2604 480 2686; x_wconf 84' lang='lat' dir='ltr'>imaginem</span> <span class='ocrx_word' id='word_1_154' title='bbox 517 2606 685 2687; x_wconf 91' lang='lat' dir='ltr'>quandam,</span> <span class='ocrx_word' id='word_1_155' title='bbox 722 2622 818 2686; x_wconf 91' lang='lat' dir='ltr'>quam</span> <span class='ocrx_word' id='word_1_156' title='bbox 854 2605 886 2668; x_wconf 93' lang='lat' dir='ltr'>in</span> <span class='ocrx_word' id='word_1_157' title='bbox 923 2603 1152 2687; x_wconf 88' lang='lat' dir='ltr'>supplicatione</span> <span class='ocrx_word' id='word_1_158' title='bbox 1188 2604 1286 2687; x_wconf 89' lang='lat' dir='ltr'>positi</span> <span class='ocrx_word' id='word_1_159' title='bbox 1319 2604 1449 2686; x_wconf 77' lang='lat' dir='ltr'>iugitero</span> 
     </span>
     <span class='ocr_line' id='line_1_22' title="bbox 309 2704 1425 2790; baseline -0.002 -21"><span class='ocrx_word' id='word_1_160' title='bbox 309 2708 508 2790; x_wconf 87' lang='lat' dir='ltr'>interpellent</span> <span class='ocrx_word' id='word_1_161' title='bbox 531 2726 660 2790; x_wconf 88' lang='lat' dir='ltr'>eamque</span> <span class='ocrx_word' id='word_1_162' title='bbox 683 2706 902 2772; x_wconf 84' lang='lat' dir='ltr'>circumferant</span> <span class='ocrx_word' id='word_1_163' title='bbox 928 2708 1031 2771; x_wconf 92' lang='lat' dir='ltr'>mente</span> <span class='ocrx_word' id='word_1_164' title='bbox 1053 2724 1089 2772; x_wconf 85' lang='lat' dir='ltr'>ac</span> <span class='ocrx_word' id='word_1_165' title='bbox 1104 2726 1178 2790; x_wconf 89' lang='lat' dir='ltr'>prae</span> <span class='ocrx_word' id='word_1_166' title='bbox 1194 2708 1293 2773; x_wconf 89' lang='lat' dir='ltr'>oculis</span> <span class='ocrx_word' id='word_1_167' title='bbox 1309 2704 1425 2772; x_wconf 89' lang='lat' dir='ltr'>teneant</span> 
     </span>
     <span class='ocr_line' id='line_1_23' title="bbox 280 2810 1424 2893; baseline 0.001 -22"><span class='ocrx_word' id='word_1_168' title='bbox 280 2814 430 2892; x_wconf 65' lang='lat' dir='ltr'>heemper</span> <span class='ocrx_word' id='word_1_169' title='bbox 459 2810 603 2875; x_wconf 84' lang='lat' dir='ltr'>adfixam.</span> <span class='ocrx_word' id='word_1_170' title='bbox 642 2828 734 2892; x_wconf 92' lang='lat' dir='ltr'>super</span> <span class='ocrx_word' id='word_1_171' title='bbox 763 2828 895 2891; x_wconf 91' lang='lat' dir='ltr'>quorum</span> <span class='ocrx_word' id='word_1_172' title='bbox 925 2810 983 2875; x_wconf 90' lang='lat' dir='ltr'>hoc</span> <span class='ocrx_word' id='word_1_173' title='bbox 1008 2827 1110 2875; x_wconf 91' lang='lat' dir='ltr'>errore</span> <span class='ocrx_word' id='word_1_174' title='bbox 1132 2813 1337 2893; x_wconf 86' lang='lat' dir='ltr'>conpetenter</span> <span class='ocrx_word' id='word_1_175' title='bbox 1358 2810 1424 2874; x_wconf 90' lang='lat' dir='ltr'>diri·</span> 
     </span>
     <span class='ocr_line' id='line_1_24' title="bbox 309 2914 1425 2996; baseline -0.002 -19"><span class='ocrx_word' id='word_1_176' title='bbox 309 2914 394 2996; x_wconf 89' lang='lat' dir='ltr'>gitur</span> <span class='ocrx_word' id='word_1_177' title='bbox 429 2914 488 2979; x_wconf 90' lang='lat' dir='ltr'>illa</span> <span class='ocrx_word' id='word_1_178' title='bbox 519 2914 691 2979; x_wconf 86' lang='lat' dir='ltr'>sententia:</span> <span class='ocrx_word' id='word_1_179' title='bbox 727 2915 767 2978; x_wconf 90' lang='lat' dir='ltr'>et</span> <span class='ocrx_word' id='word_1_180' title='bbox 803 2914 1067 2979; x_wconf 91' lang='lat' dir='ltr'>mutauerunt</span> <span class='ocrx_word' id='word_1_181' title='bbox 1102 2914 1274 2996; x_wconf 83' lang='lat' dir='ltr'>gloriam</span> <span class='ocrx_word' id='word_1_182' title='bbox 1313 2915 1425 2977; x_wconf 90' lang='lat' dir='ltr'>incor-</span> 
     </span>
     <span class='ocr_line' id='line_1_25' title="bbox 309 3016 1427 3102; baseline -0.001 -22"><span class='ocrx_word' id='word_1_183' title='bbox 309 3016 522 3100; x_wconf 90' lang='lat' dir='ltr'>ruptibilis</span> <span class='ocrx_word' id='word_1_184' title='bbox 554 3017 617 3082; x_wconf 90' lang='lat' dir='ltr'>dei</span> <span class='ocrx_word' id='word_1_185' title='bbox 639 3017 679 3081; x_wconf 91' lang='lat' dir='ltr'>in</span> <span class='ocrx_word' id='word_1_186' title='bbox 702 3016 1015 3083; x_wconf 90' lang='lat' dir='ltr'>similitudinem</span> <span class='ocrx_word' id='word_1_187' title='bbox 1049 3017 1241 3102; x_wconf 88' lang='lat' dir='ltr'>imaginis</span> <span class='ocrx_word' id='word_1_188' title='bbox 1263 3016 1427 3084; x_wconf 88' lang='lat' dir='ltr'>hominis</span> 
     </span>
     <span class='ocr_line' id='line_1_26' title="bbox 309 3120 1454 3206; baseline -0.003 -22"><span class='ocrx_word' id='word_1_189' title='bbox 309 3121 601 3204; x_wconf 89' lang='lat' dir='ltr'>corruptibilis.</span> <span class='ocrx_word' id='word_1_190' title='bbox 638 3120 815 3185; x_wconf 88' lang='lat' dir='ltr'>Hieremias</span> <span class='ocrx_word' id='word_1_191' title='bbox 837 3139 958 3204; x_wconf 90' lang='lat' dir='ltr'>quoque</span> <span class='ocrx_word' id='word_1_192' title='bbox 980 3123 1166 3204; x_wconf 90' lang='lat' dir='ltr'>populus,</span> <span class='ocrx_word' id='word_1_193' title='bbox 1190 3122 1305 3206; x_wconf 86' lang='lat' dir='ltr'>inquit,</span> <span class='ocrx_word' id='word_1_194' title='bbox 1328 3136 1454 3184; x_wconf 77' lang='lat' dir='ltr'>meuse</span> 
     </span>
     <span class='ocr_line' id='line_1_27' title="bbox 309 3222 1428 3307; baseline -0.001 -20"><span class='ocrx_word' id='word_1_195' title='bbox 309 3223 485 3288; x_wconf 90' lang='lat' dir='ltr'>mutauit</span> <span class='ocrx_word' id='word_1_196' title='bbox 506 3222 678 3307; x_wconf 86' lang='lat' dir='ltr'>gloriam</span> <span class='ocrx_word' id='word_1_197' title='bbox 700 3242 810 3289; x_wconf 92' lang='lat' dir='ltr'>suam</span> <span class='ocrx_word' id='word_1_198' title='bbox 832 3224 870 3289; x_wconf 92' lang='lat' dir='ltr'>in</span> <span class='ocrx_word' id='word_1_199' title='bbox 894 3225 1010 3290; x_wconf 87' lang='lat' dir='ltr'>idolo.</span> <span class='ocrx_word' id='word_1_200' title='bbox 1047 3223 1101 3306; x_wconf 92' lang='lat' dir='ltr'>qui</span> <span class='ocrx_word' id='word_1_201' title='bbox 1124 3243 1210 3291; x_wconf 89' lang='lat' dir='ltr'>error</span> <span class='ocrx_word' id='word_1_202' title='bbox 1225 3226 1302 3291; x_wconf 88' lang='lat' dir='ltr'>lieet</span> <span class='ocrx_word' id='word_1_203' title='bbox 1317 3225 1428 3306; x_wconf 88' lang='lat' dir='ltr'>origine</span> 
     </span>
     <span class='ocr_line' id='line_1_28' title="bbox 311 3326 1429 3409; baseline 0 -19"><span class='ocrx_word' id='word_1_204' title='bbox 311 3326 370 3391; x_wconf 91' lang='lat' dir='ltr'>hac</span> <span class='ocrx_word' id='word_1_205' title='bbox 393 3346 455 3409; x_wconf 91' lang='lat' dir='ltr'>qua</span> <span class='ocrx_word' id='word_1_206' title='bbox 477 3327 612 3392; x_wconf 84' lang='lat' dir='ltr'>diximus</span> <span class='ocrx_word' id='word_1_207' title='bbox 635 3327 829 3409; x_wconf 88' lang='lat' dir='ltr'>quorundam</span> <span class='ocrx_word' id='word_1_208' title='bbox 856 3328 997 3392; x_wconf 90' lang='lat' dir='ltr'>sensibus</span> <span class='ocrx_word' id='word_1_209' title='bbox 1020 3327 1063 3392; x_wconf 90' lang='lat' dir='ltr'>sit</span> <span class='ocrx_word' id='word_1_210' title='bbox 1077 3329 1217 3407; x_wconf 90' lang='lat' dir='ltr'>inolitus,</span> <span class='ocrx_word' id='word_1_211' title='bbox 1234 3329 1429 3394; x_wconf 91' lang='lat' dir='ltr'>nihilominus</span> 
     </span>
    </p>
   </div>
   <div class='ocr_carea' id='block_1_4' title="bbox 409 3548 998 3616">
    <p class='ocr_par' dir='ltr' id='par_1_4' title="bbox 409 3548 998 3616">
     <span class='ocr_line' id='line_1_29' title="bbox 409 3548 998 3616; baseline 0.003 -14"><span class='ocrx_word' id='word_1_212' title='bbox 409 3548 444 3602; x_wconf 87' lang='grc'>23</span> <span class='ocrx_word' id='word_1_213' title='bbox 461 3548 537 3605; x_wconf 84' lang='lat' dir='ltr'>Rom.</span> <span class='ocrx_word' id='word_1_214' title='bbox 555 3552 580 3616; x_wconf 90' lang='lat'>1,</span> <span class='ocrx_word' id='word_1_215' title='bbox 598 3550 633 3604; x_wconf 84' lang='grc'>23</span> <span class='ocrx_word' id='word_1_216' title='bbox 733 3549 769 3604; x_wconf 82' lang='grc'>25</span> <span class='ocrx_word' id='word_1_217' title='bbox 787 3548 904 3605; x_wconf 87' lang='lat' dir='ltr'>Hiersm.</span> <span class='ocrx_word' id='word_1_218' title='bbox 922 3550 946 3615; x_wconf 89' lang='grc'>2,</span> <span class='ocrx_word' id='word_1_219' title='bbox 966 3549 998 3604; x_wconf 88' lang='grc'>11</span> 
     </span>
    </p>
   </div>
   <div class='ocr_carea' id='block_1_5' title="bbox 306 3754 1434 4427">
    <p class='ocr_par' dir='ltr' id='par_1_5' title="bbox 360 3754 1371 3829">
     <span class='ocr_line' id='line_1_30' title="bbox 360 3754 1371 3829; baseline 0.006 -22"><span class='ocrx_word' id='word_1_220' title='bbox 360 3754 506 3822; x_wconf 79' lang='lat' dir='ltr'>2quur0</span> <span class='ocrx_word' id='word_1_221' title='bbox 591 3755 809 3826; x_wconf 79' lang='lat' dir='ltr'>bpossumusO</span> <span class='ocrx_word' id='word_1_222' title='bbox 897 3759 1046 3829; x_wconf 88' lang='lat' dir='ltr'>6prolecit</span> <span class='ocrx_word' id='word_1_223' title='bbox 1062 3759 1106 3814; x_wconf 74' lang='lat' dir='ltr'>Dr</span> <span class='ocrx_word' id='word_1_224' title='bbox 1136 3758 1243 3828; x_wconf 85' lang='lat' dir='ltr'>prolicit</span> <span class='ocrx_word' id='word_1_225' title='bbox 1264 3758 1371 3815; x_wconf 84' lang='lat' dir='ltr'><strong><em>VOPX</em></strong></span> 
     </span>
    </p>

    <p class='ocr_par' dir='ltr' id='par_1_6' title="bbox 306 3839 1434 4427">
     <span class='ocr_line' id='line_1_31' title="bbox 308 3839 1431 3900; baseline 0.004 -9"><span class='ocrx_word' id='word_1_226' title='bbox 308 3840 325 3891; x_wconf 88' lang='grc'><strong>8</strong></span> <span class='ocrx_word' id='word_1_227' title='bbox 350 3839 489 3893; x_wconf 82' lang='lat' dir='ltr'>ostendere</span> <span class='ocrx_word' id='word_1_228' title='bbox 514 3840 538 3895; x_wconf 91' lang='lat' dir='ltr'><strong><em>O</em></strong></span> <span class='ocrx_word' id='word_1_229' title='bbox 638 3842 656 3896; x_wconf 82' lang='grc'>9</span> <span class='ocrx_word' id='word_1_230' title='bbox 679 3842 765 3897; x_wconf 81' lang='lat' dir='ltr'>Ysaac</span> <span class='ocrx_word' id='word_1_231' title='bbox 793 3842 820 3896; x_wconf 87' lang='lat' dir='ltr'><strong><em>V</em></strong></span> <span class='ocrx_word' id='word_1_232' title='bbox 919 3843 1108 3899; x_wconf 86' lang='lat' dir='ltr'>admirandum</span> <span class='ocrx_word' id='word_1_233' title='bbox 1133 3844 1168 3900; x_wconf 72' lang='grc' dir='ltr'>Ο·</span> <span class='ocrx_word' id='word_1_234' title='bbox 1259 3844 1293 3900; x_wconf 89' lang='grc'>12</span> <span class='ocrx_word' id='word_1_235' title='bbox 1314 3844 1431 3899; x_wconf 67' lang='lat' dir='ltr'>demere</span> 
     </span>
     <span class='ocr_line' id='line_1_32' title="bbox 307 3924 1433 4000; baseline 0.004 -23"><span class='ocrx_word' id='word_1_236' title='bbox 307 3924 348 3977; x_wconf 90' lang='lat' dir='ltr'>D¹</span> <span class='ocrx_word' id='word_1_237' title='bbox 436 3925 527 3994; x_wconf 86' lang='lat' dir='ltr'>decepi</span> <span class='ocrx_word' id='word_1_238' title='bbox 548 3925 583 3980; x_wconf 93' lang='lat' dir='ltr'>V¹</span> <span class='ocrx_word' id='word_1_239' title='bbox 680 3928 713 3983; x_wconf 80' lang='lat'>13</span> <span class='ocrx_word' id='word_1_240' title='bbox 730 3930 856 3984; x_wconf 65' lang='lat' dir='ltr'>recentis</span> <span class='ocrx_word' id='word_1_241' title='bbox 873 3929 903 3984; x_wconf 90' lang='lat' dir='ltr'><em>D</em></span> <span class='ocrx_word' id='word_1_242' title='bbox 991 3931 1072 4000; x_wconf 89' lang='lat' dir='ltr'>sicut]</span> <span class='ocrx_word' id='word_1_243' title='bbox 1090 3932 1154 3985; x_wconf 91' lang='lat' dir='ltr'>sunt</span> <span class='ocrx_word' id='word_1_244' title='bbox 1170 3930 1213 3985; x_wconf 71' lang='lat'>12¹</span> <span class='ocrx_word' id='word_1_245' title='bbox 1309 3932 1344 3985; x_wconf 82' lang='lat'>14</span> <span class='ocrx_word' id='word_1_246' title='bbox 1361 3932 1433 3999; x_wconf 83' lang='lat' dir='ltr'>iguo-</span> 
     </span>
     <span class='ocr_line' id='line_1_33' title="bbox 308 4010 1433 4086; baseline 0.005 -23"><span class='ocrx_word' id='word_1_247' title='bbox 308 4010 414 4065; x_wconf 82' lang='lat' dir='ltr'>rantise</span> <span class='ocrx_word' id='word_1_248' title='bbox 436 4010 535 4066; x_wconf 86' lang='lat' dir='ltr'><strong>DPX¹</strong></span> <span class='ocrx_word' id='word_1_249' title='bbox 641 4015 673 4068; x_wconf 90' lang='grc'>16</span> <span class='ocrx_word' id='word_1_250' title='bbox 698 4016 853 4083; x_wconf 84' lang='lat' dir='ltr'>conpositus</span> <span class='ocrx_word' id='word_1_251' title='bbox 875 4015 902 4069; x_wconf 95' lang='lat' dir='ltr'><strong><em>V</em></strong></span> <span class='ocrx_word' id='word_1_252' title='bbox 1004 4016 1037 4070; x_wconf 75' lang='lat'>17</span> <span class='ocrx_word' id='word_1_253' title='bbox 1061 4016 1146 4086; x_wconf 86' lang='lat' dir='ltr'>adque</span> <span class='ocrx_word' id='word_1_254' title='bbox 1168 4016 1216 4073; x_wconf 90' lang='lat' dir='ltr'>VO</span> <span class='ocrx_word' id='word_1_255' title='bbox 1320 4015 1433 4071; x_wconf 75' lang='lat' dir='ltr'>nominis</span> 
     </span>
     <span class='ocr_line' id='line_1_34' title="bbox 307 4096 1434 4159; baseline 0.004 -8"><span class='ocrx_word' id='word_1_256' title='bbox 307 4096 368 4151; x_wconf 87' lang='lat' dir='ltr'>DP</span> <span class='ocrx_word' id='word_1_257' title='bbox 399 4097 511 4152; x_wconf 80' lang='lat' dir='ltr'>luminis</span> <span class='ocrx_word' id='word_1_258' title='bbox 541 4099 565 4155; x_wconf 88' lang='lat'>0</span> <span class='ocrx_word' id='word_1_259' title='bbox 667 4100 916 4157; x_wconf 84' lang='lat' dir='ltr'>circumscribtione</span> <span class='ocrx_word' id='word_1_260' title='bbox 948 4102 994 4159; x_wconf 91' lang='lat' dir='ltr'>VO</span> <span class='ocrx_word' id='word_1_261' title='bbox 1097 4103 1131 4157; x_wconf 82' lang='lat'>19</span> <span class='ocrx_word' id='word_1_262' title='bbox 1156 4101 1253 4157; x_wconf 83' lang='lat' dir='ltr'>habere</span> <span class='ocrx_word' id='word_1_263' title='bbox 1279 4103 1321 4157; x_wconf 90' lang='lat' dir='ltr'>uel</span> <span class='ocrx_word' id='word_1_264' title='bbox 1348 4106 1434 4157; x_wconf 79' lang='lat' dir='ltr'>tenera</span> 
     </span>
     <span class='ocr_line' id='line_1_35' title="bbox 307 4182 1434 4257; baseline -0.003 -15"><span class='ocrx_word' id='word_1_265' title='bbox 307 4182 338 4242; x_wconf 86' lang='lat' dir='ltr'><em>D</em></span> <span class='ocrx_word' id='word_1_266' title='bbox 442 4182 476 4237; x_wconf 93' lang='grc'>22</span> <span class='ocrx_word' id='word_1_267' title='bbox 498 4184 637 4254; x_wconf 84' lang='lat' dir='ltr'>degeritnr</span> <span class='ocrx_word' id='word_1_268' title='bbox 658 4186 685 4239; x_wconf 96' lang='lat' dir='ltr'><strong><em>V</em></strong></span> <span class='ocrx_word' id='word_1_269' title='bbox 791 4186 825 4241; x_wconf 87' lang='grc'>23</span> <span class='ocrx_word' id='word_1_270' title='bbox 849 4188 1045 4257; x_wconf 64' lang='lat' dir='ltr'>inrumpe?</span> <span class='ocrx_word' id='word_1_271' title='bbox 1145 4188 1180 4243; x_wconf 83' lang='grc'>24</span> <span class='ocrx_word' id='word_1_272' title='bbox 1201 4187 1361 4245; x_wconf 76' lang='lat' dir='ltr'>dei....as</span> <span class='ocrx_word' id='word_1_273' title='bbox 1382 4202 1434 4241; x_wconf 87' lang='lat' dir='ltr'>ccr-</span> 
     </span>
     <span class='ocr_line' id='line_1_36' title="bbox 306 4268 1434 4344; baseline 0.003 -21"><span class='ocrx_word' id='word_1_274' title='bbox 306 4268 448 4337; x_wconf 88' lang='lat' dir='ltr'>ruptihilis</span> <span class='ocrx_word' id='word_1_275' title='bbox 464 4285 515 4327; x_wconf 70' lang='lat' dir='ltr'>orsu</span> <span class='ocrx_word' id='word_1_276' title='bbox 537 4269 564 4326; x_wconf 93' lang='lat' dir='ltr'><strong><em>V</em></strong></span> <span class='ocrx_word' id='word_1_277' title='bbox 662 4272 698 4327; x_wconf 82' lang='grc'>25</span> <span class='ocrx_word' id='word_1_278' title='bbox 716 4271 854 4327; x_wconf 80' lang='lat' dir='ltr'>hierimisr</span> <span class='ocrx_word' id='word_1_279' title='bbox 875 4272 902 4328; x_wconf 94' lang='lat' dir='ltr'><strong><em>V</em></strong></span> <span class='ocrx_word' id='word_1_280' title='bbox 999 4273 1095 4344; x_wconf 90' lang='lat' dir='ltr'>inquid</span> <span class='ocrx_word' id='word_1_281' title='bbox 1113 4272 1222 4329; x_wconf 84' lang='lat' dir='ltr'><strong><em>VDPX</em></strong></span> <span class='ocrx_word' id='word_1_282' title='bbox 1322 4274 1358 4328; x_wconf 83' lang='grc'>26</span> <span class='ocrx_word' id='word_1_283' title='bbox 1381 4272 1434 4327; x_wconf 90' lang='lat' dir='ltr'>ido·</span> 
     </span>
     <span class='ocr_line' id='line_1_37' title="bbox 309 4354 716 4427; baseline 0.012 -20"><span class='ocrx_word' id='word_1_284' title='bbox 309 4354 366 4407; x_wconf 90' lang='lat' dir='ltr'>lum</span> <span class='ocrx_word' id='word_1_285' title='bbox 383 4354 449 4410; x_wconf 81' lang='lat' dir='ltr'>D²o</span> <span class='ocrx_word' id='word_1_286' title='bbox 550 4356 658 4427; x_wconf 83' lang='lat' dir='ltr'>origene</span> <span class='ocrx_word' id='word_1_287' title='bbox 679 4358 716 4412; x_wconf 90' lang='lat' dir='ltr'>V¹</span> 
     </span>
    </p>
   </div>
   <div class='ocr_carea' id='block_1_6' title="bbox 0 0 1554 4967">
    <p class='ocr_par' dir='ltr' id='par_1_7' title="bbox 0 0 1554 4967">
     <span class='ocr_line' id='line_1_38' title="bbox 0 0 1554 4967; baseline 0 0"><span class='ocrx_word' id='word_1_288' title='bbox 0 0 1554 4967; x_wconf 95' lang='lat' dir='ltr'> </span> 
     </span>
    </p>
   </div>
  </div>
 </body>
</html>
