3092 4967
246 354 310 423 486
642 350 805 434 lobannis
824 347 982 406 Cassiani

246 541 334 606 illam
367 542 420 606 diu
443 541 632 608 occultatam
658 537 817 606 mendacio
840 537 1007 606 ueritatem
1030 537 1132 622 inpiae
1154 537 1280 622 coniugi
1302 558 1371 622 per·

247 645 452 712 niciosissime
467 646 640 729 prodidisse
656 642 897 722 reminiscimur,
917 644 967 708 cui
982 643 1144 728 propterea
1159 643 1371 725 deceptionem

247 749 358 815 intulit
380 748 497 816 ueritas
520 749 783 816 inconsultissime
806 747 973 832 patefacta,
1000 747 1073 830 quia
1094 747 1175 812 illud
1191 745 1371 812 mandatum

246 853 461 936 propheticum
495 853 648 918 custodiro
678 851 833 935 neglexit:
864 849 911 916 ab
941 868 998 929 ea,
1033 869 1129 934 quae
1159 851 1307 916 dormit
1335 850 1371 914 in

245 957 335 1022 sinu
357 959 440 1035 tuo,
465 955 623 1022 custodi
647 957 825 1024 claustra
851 953 930 1020 oris
953 955 1021 1018 tui.
1391 972 1404 1014 a

286 1075 372 1140 XXI.
402 1077 443 1142 llt
473 1080 509 1144 at
538 1077 677 1160 exempla
706 1075 858 1158 quaedam
890 1074 929 1142 de
955 1076 1070 1142 nostris
1094 1093 1214 1158 quoque
1236 1075 1371 1140 ineuita-

245 1179 361 1246 bilibua
393 1198 430 1246 ac
463 1198 560 1263 paene
593 1179 758 1246 cotidianis
793 1179 1030 1246 necessitatibus
1059 1179 1263 1261 proferamus,
1294 1196 1370 1260 quas

244 1282 442 1365 quantalibet
471 1283 669 1350 obseruantia
700 1300 872 1364 numquam
903 1282 950 1348 ita
982 1299 1147 1365 possumus
1178 1299 1369 1365 praecauere,

245 1388 365 1452 utnon
387 1387 440 1452 uel
463 1387 557 1454 inuiti
578 1386 631 1452 uel
659 1386 800 1452 uolentes
823 1387 856 1452 in
880 1405 931 1452 eas
948 1405 1094 1472 cogemur
1110 1387 1282 1452 incurrero:
1298 1384 1371 1467 quid

245 1506 360 1571 quaeso
390 1490 567 1557 faciendum
598 1491 655 1568 est,
679 1509 751 1556 cum
780 1490 978 1556 refectionem
1011 1489 1235 1572 procrastinare
1269 1489 1402 1570 dispo-o

245 1591 394 1660 uentibus
409 1594 507 1671 nobis,
523 1595 630 1660 utrum
646 1592 856 1672 refecerimus,
873 1593 913 1658 ad
925 1609 1085 1676 uesperam
1098 1593 1194 1658 frater
1205 1591 1371 1658 adueniens

244 1699 467 1778 percontatur:
501 1695 709 1762 celandumne
737 1697 889 1762 ieiunium
920 1697 966 1762 est
988 1698 1020 1762 et
1042 1696 1144 1762 uirtus
1166 1695 1371 1777 parsimoniae

213 1803 444 1885 icontegenda,
468 1820 509 1866 au
532 1802 678 1867 ueritatis
700 1802 890 1884 professione
912 1799 1091 1884 prodenda?
1118 1802 1145 1864 si
1168 1801 1316 1880 celamus,
1339 1801 1372 1864 nt

243 1902 400 1968 dominico
430 1905 660 1970 satisfaciamus
690 1903 821 1986 imperio
852 1921 912 1986 quo
941 1903 1072 1970 dicitnr:
1096 1923 1168 1970 non
1191 1902 1370 1967 uidearia

243 2005 466 2072 hominibus
488 2007 674 2073 ieiunans
704 2008 773 2073 sed
802 2008 908 2089 patri
938 2011 1003 2072 tuo
1034 2008 1099 2090 qui
1129 2009 1190 2072 est
1219 2006 1258 2072 in
1289 2004 1402 2070 abs-ra

242 2109 418 2188 condito,
443 2115 475 2175 et
504 2110 637 2176 iterum:
664 2129 709 2176 ne
732 2111 837 2177 sciat
863 2111 1030 2178 sinistra
1053 2115 1118 2176 tua
1140 2110 1373 2194 qaidfaciat

244 2211 409 2280 dextera
438 2215 520 2294 tua,
550 2215 687 2298 profecto
718 2214 898 2280 mentimur.
935 2213 962 2278 si
985 2215 1138 2278 uirtutem
1161 2214 1372 2280 continentiae

244 2317 454 2398 propalamus,
484 2317 666 2401 euangelica
698 2334 753 2381 nos
783 2319 939 2383 sententia
969 2318 1037 2382 iure
1066 2317 1230 2400 parcellat:
1266 2334 1373 2383 amen

213 2421 328 2487 3dico
365 2421 495 2499 uobis,
532 2422 776 2504 receperunt
818 2422 1039 2488 mercedem
1076 2438 1192 2486 suam.
1237 2421 1315 2503 quid
1348 2421 1374 2486 si

242 2522 385 2589 oblatum
407 2545 426 2591 a
448 2525 546 2590 fratre
568 2525 721 2608 quispiam
744 2523 892 2607 poculum
917 2543 988 2590 cum
1002 2524 1183 2592 definitione
1200 2524 1404 2606 rennueritao

243 2624 383 2692 absolute
399 2629 597 2712 accepturum
609 2648 675 2695 asse
692 2646 725 2693 se
741 2629 897 2711 denegans
913 2628 994 2710 quod
1009 2629 1063 2694 ille
1077 2628 1216 2712 gaudens
1232 2627 1373 2694 aduentu

242 2729 309 2793 eius
332 2729 512 2813 suppliciter
534 2733 571 2798 ut
594 2733 738 2797 sumatur
760 2730 886 2796 exorat?
911 2733 1074 2796 rectumne
1098 2733 1145 2796 est
1166 2734 1204 2797 ut
1225 2732 1319 2796 fratri
1335 2731 1373 2796 ad

241 2850 342 2908 genua
374 2833 539 2916 prouoluto
572 2837 604 2899 in
637 2836 813 2916 terramque
846 2835 1010 2918 prostrato,
1045 2834 1098 2917 qui
1132 2852 1193 2900 uon
1228 2837 1288 2900 nisi
1325 2834 1373 2900 his

242 2933 353 3000 officiis
376 2937 496 3002 uiscera
518 2937 659 3004 caritatis
681 2937 876 3022 expleturum
904 2957 972 3004 esse
994 2931 1026 3004 se
1050 2940 1154 3018 credit,
1178 2938 1276 3005 etiam
1300 2956 1372 3004 cum

241 3036 346 3104 labore
376 3058 432 3105 suo
462 3041 579 3124 pareat,
611 3061 650 3106 an
680 3042 713 3105 in
735 3041 887 3106 sermonis
910 3043 959 3107 sui
981 3043 1075 3124 atqua
1097 3041 1249 3125 propositi
1272 3041 1404 3125 perti-aa

241 3140 332 3205 uacia
352 3147 551 3223 perseueret?

283 3261 387 3329 XXII.
411 3281 612 3331 unwanus:
636 3265 674 3329 ln
696 3265 752 3330 illo
767 3265 894 3348 quidem
910 3266 1067 3350 superiore
1084 3267 1222 3348 exemplo
1238 3264 1371 3330 dubium

241 3371 277 3432 ut
311 3368 469 3433 credimus
504 3388 566 3434 uon
599 3374 646 3434 eat
680 3371 753 3452 quin
790 3371 931 3453 expediat
964 3369 1113 3436 abscondi
1143 3369 1370 3436 continentiam

343 3614 538 3681 turenae
625 3618 822 3684 utalaam
911 3619 1054 3674 lanea
1142 3617 1287 3672 usaue

293 3843 399 3899 lillum
412 3845 504 3900 ΣΠΟ
584 3848 749 3903 occultatum
762 3849 821 3903 ΣΟ
902 3850 1029 3920 coniungi
1040 3851 1079 3902 ΠΙ
1159 3847 1302 3919 pernitfl

240 3929 384 4001 2propter
400 3933 431 3996 Y,
449 3933 497 3986 aed
514 3932 566 3988 dcl.
583 3951 601 3988 o
617 3940 686 3989 m.1
784 3934 886 4004 4prof.
905 3935 935 3986 Π
1027 3933 1184 3989 neclexitO
1278 3933 1368 3988 draca

240 4015 387 4088 detepuit
405 4019 431 4069 Y
513 4018 613 4087 'ipone
630 4021 708 4074 ΣΤΟ
794 4021 886 4075 cottid.
906 4023 932 4072 ‘P
1015 4021 1180 4076 deiolentes
1199 4021 1227 4072 Σ
1306 4023 1367 4088 post

240 4103 374 4156 incurrere
391 4103 418 4154 Y
432 4102 463 4155 io
480 4118 566 4173 marc.
583 4104 678 4159 laobct:
697 4105 762 4160 XXI
865 4106 897 4160 12
915 4109 1090 4174 percantatur
1109 4107 1142 4157 Y¹
1249 4106 1281 4158 14
1299 4101 1367 4173 quod

239 4188 266 4240 0
368 4189 402 4242 18
424 4187 574 4243 sententiae
597 4190 637 4241 Πι
737 4190 860 4260 percellit
884 4191 912 4242 ll
918 4190 963 4245 Oc
1068 4191 1101 4244 19
1126 4189 1195 4259 quod
1221 4190 1301 4243 ΣΟυ

239 4273 274 4325 20
286 4274 423 4328 rennuerit
434 4273 515 4326 2³²0:
533 4275 652 4331 renuerit
664 4278 763 4329 Z'llf'²
838 4277 869 4332 21
884 4293 912 4332 aa
924 4293 973 4332 om.
987 4277 1015 4330 Σ
1089 4277 1121 4330 27
1134 4277 1265 4346 superiori
1277 4279 1302 4328 ‘l'
