3092 4967
321 447 393 514 436.
716 444 883 499 Iohannis
904 444 1059 500 cassiani

322 635 444 701 radioes
465 635 562 700 donea
575 635 610 699 in
625 634 690 700 tuis
704 634 818 700 uiuunt
833 633 991 709 medullis,
1018 631 1125 715 ignem
1140 631 1240 698 istum
1256 631 1443 698 materialem

322 756 517 821 nequaquam
527 737 590 803 tibi
600 736 767 821 paeilioum
780 755 845 803 esse
858 737 1052 821 permittent.
1069 753 1161 819 quem
1171 735 1283 818 utique
1294 735 1444 802 innoxium

324 841 403 908 alias
424 841 541 907 sentire
563 859 627 906 uon
647 842 773 926 poteris,
794 839 855 905 nisi
871 858 977 905 omnes
993 841 1128 906 internos
1144 842 1249 905 motus
1264 838 1314 905 his
1327 839 1444 905 indietis

323 944 358 1008 in
386 944 486 1008 temet
514 945 580 1028 ipso
610 946 777 1028 experiaris
808 943 976 1010 ertiuetos:
1004 945 1091 1026 eade,
1115 941 1312 1026 adprehende
1334 941 1445 1006 nudam

325 1047 357 1112 et
378 1046 622 1130 puloherrimum
643 1048 812 1133 uirginem,
839 1049 871 1114 et
893 1047 921 1112 si
943 1047 1031 1114 illum
1052 1047 1164 1112 teneus
1186 1045 1473 1128 tranquillitatem

324 1149 374 1215 tui
397 1149 496 1216 sordis
516 1150 701 1217 inmobilem
723 1152 892 1233 aestusque
910 1150 1049 1216 cumules
1065 1149 1208 1232 paoifieos
1224 1149 1259 1214 in
1274 1151 1308 1215 te
1323 1149 1446 1216 senseris

325 1252 521 1335 perdurasse,
547 1254 640 1320 huius
671 1274 792 1339 quoque
820 1253 956 1320 uisibilis
984 1253 1130 1320 flsmmae
1160 1253 1250 1318 mitis
1280 1255 1375 1336 atque
1402 1252 1446 1318 in·

327 1357 436 1422 noxius
464 1355 499 1421 in
528 1360 657 1424 modum
685 1359 813 1424 illorum
842 1358 940 1424 trium
969 1355 1004 1422 iu
1034 1355 1208 1439 Babylonia
1233 1355 1446 1440 puerorumte

295 1459 487 1526 amanter
516 1462 672 1529 adtuotus.
709 1461 816 1545 itaque
845 1479 938 1528 senex
967 1459 1147 1526 huiusmodi
1176 1459 1367 1526 reuelatioue
1387 1477 1446 1542 per·

327 1564 432 1628 eulsus
460 1580 522 1629 non
552 1566 679 1647 quidem
706 1564 910 1649 experimenti
932 1563 1085 1630 diuinitus
1109 1562 1318 1629 demonstrati
1338 1561 1474 1645 periebu

327 1666 495 1746 consuluit,
524 1669 580 1733 sed
609 1671 805 1753 interregem
840 1668 1064 1736 oonseientiam
1094 1685 1186 1734 snam
1219 1671 1253 1733 et
1285 1667 1447 1750 puritatem

328 1769 378 1834 sui
401 1769 503 1834 cordis
525 1773 706 1839 examinans
728 1790 786 1838 neo
809 1772 911 1837 adhue
922 1773 1043 1855 pondus
1058 1772 1260 1838 castimoniae
1275 1787 1353 1836 suae
1367 1769 1447 1834 huius

328 1872 520 1955 probationis
552 1875 680 1956 ponderi
712 1894 902 1959 conpensare
934 1875 1122 1954 eonieotans,
1155 1895 1218 1944 non
1251 1873 1369 1939 mirum
1399 1875 1447 1946 est,

330 1974 386 2056 ait,
416 1977 443 2040 si
473 1978 655 2044 cedentibus
683 1979 763 2046 mihi
793 1981 1014 2047 inmundorum
1041 1979 1213 2063 spirituum
1246 1979 1373 2063 proeliis
1401 1976 1448 2043 ad·

328 2078 470 2145 ustiones
499 2081 592 2166 ignis,
615 2101 691 2165 quas
712 2083 878 2151 dirissimis
900 2082 1116 2164 congressibus
1140 2083 1329 2150 daemonum
1349 2080 1473 2148 inseri-s

330 2200 398 2248 ores
428 2201 496 2249 esse
517 2185 693 2267 credebam,
715 2187 820 2252 adhue
841 2189 1007 2254 aduersum
1031 2207 1082 2254 me
1103 2189 1253 2254 senserim
1275 2186 1448 2254 saeuientes

300 2283 431 2352 imaior
454 2286 568 2373 quippe
593 2291 642 2356 est
656 2288 758 2356 uirtus
773 2309 810 2356 aa
824 2289 989 2357 sublimior
1003 2291 1107 2373 gratia
1120 2291 1278 2358 internam
1293 2288 1448 2356 libidinem

331 2391 434 2457 earnis
455 2392 637 2476 extinguere
658 2412 753 2477 quam
778 2395 936 2478 nequities
958 2395 1146 2461 daemonum
1168 2393 1358 2460 extrinsecus
1370 2391 1447 2458 iuru-

332 2494 419 2560 entee
447 2495 536 2578 signo
566 2497 685 2564 domini
716 2517 753 2563 ae
778 2496 909 2564 uirtutis
931 2497 1106 2564 altissimae
1128 2497 1271 2581 potentia
1293 2495 1448 2578 subiugum

331 2597 387 2662 uel
400 2597 439 2663 de
454 2599 588 2665 obsessis
604 2601 783 2684 eorporibus
800 2600 937 2668 nominis
951 2600 1054 2668 diuini
1067 2599 1267 2668 innotatione
1280 2599 1473 2684 propellere·

376 2717 448 2784 Huc
476 2737 575 2802 usque
603 2721 687 2788 ebba
714 2721 863 2788 Nesteros
894 2723 1049 2788 rationem
1074 2722 1113 2789 ele
1136 2741 1212 2789 uera
1233 2719 1448 2788 oharisrnaturn

334 2822 511 2903 operatione
532 2841 754 2892 consummans
777 2843 834 2893 uos
857 2826 897 2892 ud
919 2827 1001 2893 senis
1022 2827 1135 2910 Ioseph
1159 2827 1283 2912 uellam,
1308 2841 1385 2909 qnae
1405 2841 1448 2888 ser
1515 2901 1516 2904 Ἴ

334 2923 432 2989 ferme
468 2927 595 2994 milibus
631 2928 672 2994 ub
710 2928 778 3013 ipse
812 2927 930 3014 aberat,
964 2931 1164 3013 properantes
1197 2928 1359 2996 doetrinae
1389 2941 1449 2994 suso
1515 2913 1516 2954 l

333 3025 533 3095 institutione
554 3031 737 3114 prosecutus
759 3035 820 3098 est.
994 3025 998 3032 ’

386 3250 566 3305 arnetnsffl
652 3253 723 3306 ἱιΣ
813 3253 1082 3324 bpuloerrirnamO
1170 3253 1394 3309 8immodnm0

335 3333 512 3389 babilloniam
538 3337 569 3388 H
598 3335 737 3392 babilonia
762 3337 817 3389 ῬΟ
933 3339 951 3394 9
978 3337 1107 3394 ablunbet
1134 3340 1163 3391 Σ
1190 3338 1396 3394 allamberiti'

335 3420 519 3476 huiueoemodi
537 3421 563 3475 Ο
649 3423 683 3477 10
699 3423 817 3492 perieula
834 3424 881 3480 Oa
978 3426 1008 3479 ll
1028 3425 1146 3479 eonsulit
1162 3427 1188 3478 Y
1281 3424 1315 3479 12
1332 3423 1386 3492 neo]
1402 3433 1451 3475 neo
1514 3427 1515 3438 ¹

337 3505 402 3561 (lum
419 3509 445 3558 Τ
537 3508 572 3562 13
589 3523 749 3577 eonpeneme
766 3509 931 3580 eonieetaus]
950 3525 1125 3580 eompeueans
1142 3511 1168 3562 Y
1265 3511 1299 3565 15
1315 3505 1451 3565 rumoni·

338 3594 364 3644 Τ
463 3594 699 3662 oongreseiouibue
721 3594 747 3648 0
851 3595 884 3650 16
906 3593 1034 3650 aduersus
1058 3598 1084 3648 Y
1183 3596 1451 3662 19a1eiseinepes

337 3679 422 3745 sorr.)
439 3679 469 3730 Σ
497 3679 689 3735 altissimin
776 3681 913 3750 potentiae
929 3681 990 3735 ΣΟ
1075 3682 1223 3752 subrogare
1239 3683 1267 3736 Y
1353 3681 1384 3735 21
1400 3675 1451 3744 luel

338 3763 390 3818 hoe
407 3764 436 3815 Σ
520 3768 642 3820 neotoros
660 3767 686 3819 0
770 3766 919 3822 orationem
936 3766 1258 3836 HYOosefioop.1,2
1343 3765 1451 3830 ffliosep

339 3850 368 3902 Σ
465 3849 592 3905 sellulam
608 3853 635 3903 Y
731 3851 767 3907 24
783 3850 902 3921 mpura
919 3851 1027 3908 abbatis
1045 3851 1192 3908 nesterotis
1209 3852 1243 3908 ue
1257 3848 1451 3908 oburmmstibus

340 3931 442 3988 (liniris
459 3935 488 3986 Σ
521 3933 642 4005 Explioit
658 3935 767 3991 abbetis
785 3937 928 3992 nesterotis
946 3937 1063 3992 oonlstio
1081 3937 1205 3992 meando.
1241 3937 1344 4008 Inoipit
1359 3932 1451 3992 abbatis

339 4018 433 4090 ioseph
450 4019 484 4075 (le
501 4021 623 4076 amititia
640 4023 671 4073 Π
702 4020 822 4091 Explicit
838 4021 955 4078 oonlatio
973 4023 1118 4078 nesterotis
1136 4026 1163 4078 Y
1192 4023 1332 4094 Incipiunt
1351 4017 1452 4088 (orell)

340 4104 462 4175 capitula
478 4106 641 4161 oonlationis
658 4107 760 4176 primae
778 4109 829 4177 (pr.
848 4123 899 4162 osu.
913 4111 948 4176 P)
966 4107 1073 4164 abbatis
1091 4109 1185 4180 ioseph
1203 4109 1236 4164 de
1253 4109 1374 4166 amidtis
1389 4104 1452 4176 (ani-

340 4190 406 4248 titia
422 4191 503 4259 ivr)
519 4192 613 4246 EM*
649 4191 769 4263 llrplioit
785 4193 901 4250 oonlatio
920 4193 1027 4250 abbatis
1045 4196 1166 4252 nesteros
1183 4193 1264 4251 XVo.
1304 4193 1401 4264 Ineipit
1414 4189 1451 4244 ab

342 4294 415 4350 aas
432 4293 526 4366 ioseph
543 4297 576 4354 oe
592 4297 723 4356 ensesue
741 4283 776 4354 13
793 4297 922 4369 aptare
940 4299 966 4354 o

803 4423 1007 4440 ψ
