3092 4967
288 457 330 523 32
550 476 552 483 ·
681 453 846 509 Iohannis
864 452 1023 509 Cassiani

287 642 471 711 conlationis
484 660 590 710 eornm
603 644 758 727 prodeunt
769 643 904 723 officina,
917 642 973 709 scd
984 642 1096 708 furtim
1106 642 1216 709 frande
1229 644 1416 709 daemonum

288 746 440 812 fabricata
461 765 522 814 non
548 748 616 813 sine
638 744 828 812 detrimento
842 746 988 829 inperitis
1004 745 1178 829 quibusque
1193 748 1227 812 et
1240 746 1416 831 ignoranti·

287 848 346 915 bus
369 848 565 933 ingeruntur.
602 868 681 933 qnae
703 848 851 932 quamuis
879 848 973 915 utilia
993 867 1030 915 ac
1051 849 1226 915 necessaria
1247 850 1416 915 uideantur
1525 907 1526 926 ,

287 951 326 1017 ad
348 970 502 1035 praesens,
528 956 633 1018 tamen
657 954 684 1020 si
707 951 862 1019 soliditati
890 950 1093 1035 professionis
1118 954 1244 1019 nostrae
1264 952 1416 1036 incipiant
1525 949 1526 952 ’

287 1059 358 1137 post
380 1056 453 1122 haec
475 1076 540 1123 esse
564 1057 720 1123 contraria
741 1060 774 1123 et
795 1057 898 1122 totum
927 1055 1152 1139 quodammodo
1177 1073 1288 1139 corpus
1316 1055 1450 1124 nostrie

287 1158 476 1226 labefactare
519 1160 681 1244 propositi,
725 1162 888 1241 tamquam
932 1158 1141 1224 necessarium
1186 1157 1323 1242 quidem,
1361 1158 1415 1224 sed

287 1262 498 1329 scandalizans
521 1262 698 1329 membrum
721 1266 753 1328 et
775 1262 859 1345 qnod
881 1262 1010 1327 dextrae
1025 1280 1137 1327 manus
1152 1262 1204 1327 uel
1218 1262 1307 1345 pedis
1322 1280 1416 1347 agore

286 1365 430 1431 uideatur
463 1366 600 1431 officium
634 1366 731 1448 proici
755 1384 774 1431 a
796 1364 886 1431 nobis
921 1366 1015 1448 atque
1044 1364 1165 1431 abscidi
1197 1364 1321 1432 salubre
1357 1367 1414 1431 est.
1525 1409 1526 1412 ,

258 1466 385 1535 isatins
408 1468 492 1534 enim
515 1472 564 1533 est
578 1468 696 1552 absque
710 1471 802 1535 nnius
817 1468 976 1553 praecepti
994 1469 1144 1545 membro,
1166 1467 1199 1532 id
1214 1471 1262 1534 est
1276 1468 1416 1551 operati·
1525 1507 1526 1524 ,

286 1586 344 1635 ono
366 1569 418 1635 nel
438 1570 543 1635 fructu
566 1570 598 1635 in
615 1571 726 1637 ceteris
748 1588 860 1637 sanum
875 1568 1062 1653 firmumque
1076 1571 1188 1636 durare
1204 1571 1237 1637 et
1251 1572 1415 1655 tamquam
1425 1596 1449 1638 o

287 1672 421 1739 debilem
449 1673 580 1741 introire
611 1676 642 1740 in
670 1692 800 1757 regnum
830 1676 998 1758 caelorum,
1029 1691 1123 1756 quarn
1157 1692 1227 1739 oum
1256 1673 1416 1741 soliditate
1525 1689 1526 1706 ¹

285 1776 429 1841 mandati
450 1776 587 1843 incidere
602 1777 636 1841 in
654 1777 779 1861 aliquod
794 1778 986 1857 scandalum,
1000 1778 1083 1861 quod
1098 1776 1271 1861 perniciosa
1285 1794 1416 1844 consue-

288 1880 396 1945 tudine
419 1898 564 1964 separans
587 1897 643 1947 nos
665 1900 684 1947 a
707 1882 909 1948 districtionis
932 1880 1042 1967 regula
1057 1882 1152 1963 atque
1166 1881 1288 1965 adrepti
1301 1897 1416 1965 propo-

287 1983 342 2047 siti
372 1984 538 2067 disciplina
568 1986 695 2051 inducat
724 1986 756 2050 in
783 1986 848 2050 tale
877 1984 1086 2069 dispendium,
1117 1986 1197 2069 quod
1218 2002 1416 2070 nequaqnam

288 2086 395 2151 lutura
417 2087 606 2153 detrimenta
629 2106 818 2173 conpensans
836 2087 1450 2170 omnespraeteritosfructnstotnm·1e

289 2208 347 2272 qne
370 2192 555 2272 operationis
579 2196 702 2257 nostrae
725 2208 836 2274 corpus
857 2192 1016 2274 gehennae
1036 2191 1133 2257 iaciat
1147 2192 1273 2276 ignibus
1290 2209 1416 2258 concre-

258 2292 378 2358 8mari.
401 2294 440 2359 de
455 2293 505 2359 his
519 2293 687 2379 generibus
703 2296 892 2361 inlusionum
907 2294 1005 2362 ctiam
1016 2294 1049 2361 in
1062 2294 1244 2362 Prouerbiis
1255 2296 1416 2381 eleganter

288 2398 486 2477 exprimitnrz
508 2399 604 2464 sunt
627 2399 716 2464 uiae
738 2416 835 2481 qnae
856 2398 1196 2465 uidenturrectae
1211 2398 1418 2479 esseuiro,

287 2500 502 2566 nouissima
532 2503 662 2567 autem
693 2520 823 2568 earum
846 2502 1010 2567 uenient
1038 2504 1075 2567 in
1098 2500 1334 2584 profundum
1356 2502 1413 2576 in·

288 2604 380 2683 ieri,
405 2608 436 2669 et
457 2604 540 2669 itero
613 2606 813 2689 malignus
836 2605 1450 2672 nocetcnmsecommisoueritrc

287 2704 410 2790 insto,
440 2707 552 2789 idest
580 2706 721 2775 diabolus
753 2708 871 2791 decipit
899 2727 972 2774 cum
993 2708 1089 2775 inerit
1111 2710 1213 2775 colore
1236 2708 1415 2775 sanctitatis

288 2810 438 2876 obtectus.
476 2813 564 2878 odit
594 2814 724 2879 autem
746 2830 882 2879 sonum
904 2812 1071 2891 tutelae,
1094 2810 1127 2876 id
1149 2815 1198 2879 est
1218 2812 1416 2879 discretionis

287 2916 352 2979 nim
375 2933 453 2997 quae
476 2914 513 2979 dc
535 2912 690 2980 seniorum
713 2912 818 2979 uerbis
840 2930 875 2977 ac
897 2911 1067 2977 monitione
1088 2896 1275 3019 procedit)

330 3050 415 3118 XXI.
438 3052 477 3116 In
493 3069 551 3134 quo
567 3051 665 3117 etiam
680 3051 824 3116 abbatom
840 3050 1018 3135 Iohannem,
1034 3049 1088 3135 qni
1102 3051 1179 3136 Lyci
1194 3054 1414 3136 commoratur,

288 3152 433 3219 nouimus
465 3174 563 3240 nuper
595 3155 744 3223 inlusum.
783 3174 856 3220 nam
886 3171 956 3220 cum
986 3154 1134 3221 exhausto
1162 3172 1287 3238 corpore
1321 3158 1451 3240 atqnerc

287 3256 406 3324 defecto
428 3258 660 3343 perceptionem
684 3257 747 3324 cibi
764 3260 900 3325 biduano
922 3257 1038 3325 ieiunio
1054 3258 1415 3343 distulisset'accedenti

287 3361 316 3425 ei
332 3364 371 3427 ad
386 3361 588 3428 refectionem
603 3362 653 3428 die
667 3366 789 3447 postero
802 3362 928 3428 ueniens
940 3363 1081 3430 diabolus
1092 3363 1127 3427 in
1139 3362 1240 3445 figura
1250 3364 1414 3445 Aethiopis

390 3570 423 3623 16
446 3569 480 3623 ci.
498 3570 548 3624 lit.
572 3570 648 3638 18,8
752 3572 786 3626 18
808 3571 885 3626 Prov.
905 3572 947 3639 16,
965 3570 998 3625 25
1017 3571 1111 3640 (Lxx)
1215 3571 1250 3627 20
1271 3573 1350 3630 Pror.
1372 3577 1415 3642 ll,

289 3658 320 3711 15
339 3654 434 3725 (LXX)
538 3656 607 3710 221.
627 3672 649 3711 c.

339 3855 353 3907 1
373 3854 514 3907 demonum
532 3850 594 3905 DX
699 3852 717 3907 4
733 3852 911 3922 professiones
927 3852 969 3908 D¹
1075 3855 1196 3909 biotam
1213 3856 1256 3909 D¹
1352 3872 1417 3927 qno·

287 3938 456 3995 dammodum
478 3937 524 3992 W'
613 3937 768 3992 iderterae
787 3938 826 3993 D¹
914 3940 932 3993 8
949 3939 1057 3994 uidetur
1072 3940 1102 3995 D
1188 3941 1293 4011 adquae
1312 3944 1350 3999 W

288 4026 321 4079 12
332 4025 453 4079 incedere
464 4023 548 4080 D¹W
639 4024 672 4079 13
685 4024 867 4080 districtiones
883 4026 931 4080 W¹
1019 4026 1053 4080 15
1065 4026 1167 4083 fructos
1179 4027 1221 4081 1)ί
1310 4029 1417 4098 Πρω·
1507 4021 1511 4032 ’

286 4121 376 4183 uerbis
393 4128 422 4182 D
526 4128 657 4200 eliganter
679 4130 717 4184 W
829 4131 862 4184 19
880 4129 983 4200 autem]
1001 4130 1073 4184 enim
1090 4130 1123 4185 X
1222 4130 1302 4186 inferi
1318 4132 1417 4189 D¹W:

287 4215 324 4281 cs.
341 4215 472 4281 Rccascb,
492 4215 571 4271 Ita.
588 4216 708 4285 Valpp.
722 4217 782 4269 272
810 4213 911 4271 inferni
927 4215 1022 4271 D’Xc
1110 4216 1143 4271 a1
1163 4216 1289 4273 diabulus
1306 4218 1349 4274 D¹

287 4301 482 4358 dimunitione
498 4302 546 4361 W¹
623 4300 771 4371 241me
846 4302 1055 4358 dbnouiseimus
1065 4304 1107 4358 D¹
1185 4307 1295 4361 ernusto
1306 4307 1348 4361 1)ι

287 4386 321 4442 26
333 4389 394 4457 cybi
404 4388 434 4442 D
529 4387 659 4443 accidenti
670 4387 710 4442 D¹
805 4387 839 4442 27
852 4389 963 4443 rabulae
974 4390 1004 4445 D
1015 4404 1087 4445 corr.
1182 4390 1307 4461 ethyopia
1318 4392 1348 4446 D
