3092 4967
252 491 259 542 ἰ
312 473 375 540 150
704 468 867 525 Iohannis
888 468 1044 525 Cassiani

311 661 451 728 nostram
483 677 615 727 uacuum
648 678 714 725 esse
737 678 756 725 a
778 658 959 725 necessariis
992 657 1165 724 uirtutibus
1195 675 1255 723 non
1287 657 1430 734 sinamus,

311 764 366 830 sed
389 763 435 829 eis
456 764 618 829 uniuersos
640 780 779 829 recessus
803 762 903 829 cordis
926 760 1025 827 nostri
1049 760 1218 827 studiosius
1241 778 1428 844 occupemus,

310 883 353 932 ne
389 884 531 933 reuersus
576 864 847 949 concupiscentiae
882 864 1011 948 spiritus
1048 865 1156 931 inanes
1193 882 1248 930 nos
1286 862 1326 929 ab
1363 863 1430 946 ipsis

310 970 518 1053 meantesque
550 969 705 1053 repperiet
737 971 769 1034 et
803 986 863 1035 non
896 968 957 1034 sibi
990 968 1055 1035 iam
1088 967 1146 1033 soli
1180 966 1301 1033 aditum
1330 984 1431 1050 parma
1521 989 1525 1042 q

236 1086 239 1091 ·
312 1075 476 1141 contentus
503 1072 681 1139 introducat
710 1089 818 1137 seeum
840 1071 871 1137 in
895 1072 1034 1137 animam
1065 1072 1205 1136 nostram
1227 1070 1461 1153 septenariuna

311 1176 395 1243 laune
428 1175 570 1242 fomitem
602 1175 750 1241 uitiorum
785 1176 818 1240 et
852 1174 949 1240 iaciat
984 1174 1158 1240 nouissima
1194 1178 1301 1240 nostra
1334 1176 1432 1259 peiora
1525 1212 1526 1219 ,

281 1279 479 1365 aptioribus.
516 1281 635 1362 turpior
666 1278 750 1344 enim
781 1278 841 1343 erit
870 1277 1046 1361 posthaec
1076 1281 1108 1343 at
1133 1277 1312 1343 inmundier
1335 1277 1434 1343 anima

312 1404 349 1451 ae
370 1382 522 1469 supplicio
545 1382 689 1465 grauiore
709 1382 873 1466 plectetur,
904 1399 983 1464 quae
1005 1398 1039 1446 ee
1060 1380 1255 1447 renuntiasse
1277 1380 1354 1445 huie
1374 1397 1434 1445 eae-

311 1488 381 1555 culo
418 1487 572 1572 gloriatur
609 1484 840 1551 dominantibus
872 1484 932 1550 sibi
967 1486 1036 1551 octo
1069 1484 1167 1563 uitiis,
1205 1500 1299 1567 qnam
1338 1483 1435 1549 tuerat

312 1592 468 1675 quendam
491 1589 525 1655 in
547 1589 670 1655 saeculo
692 1588 872 1667 constituta,
897 1604 970 1652 cum
992 1604 1050 1653 nee
1072 1586 1270 1669 disciplinam
1292 1585 1463 1653 monachia

314 1693 425 1759 inisset
457 1691 594 1776 professa
625 1709 682 1756 nee
714 1709 835 1757 nemen.
879 1708 951 1756 uam
986 1694 1019 1755 et
1052 1690 1213 1773 nequiores
1245 1689 1280 1754 hi
1318 1693 1435 1775 septen

313 1796 445 1881 spiritus
473 1795 528 1859 ille
558 1794 660 1878 priore
689 1794 743 1876 qui
764 1812 906 1878 egressus
928 1794 1030 1859 iuerat
1052 1794 1165 1859 ideireo
1187 1794 1345 1875 dicuntur,
1369 1795 1435 1877 quia

314 1898 507 1966 desiderium
527 1897 630 1981 gulae,
653 1896 686 1962 id
709 1899 757 1961 eet
778 1896 1000 1981 gastrimargia
1016 1915 1071 1981 per
1086 1914 1151 1962 sese
1166 1913 1225 1961 non
1241 1901 1324 1963 esset
1339 1898 1436 1981 noxia,

314 2003 377 2069 nisi
399 2000 623 2067 intromitteret
644 2001 802 2085 grauiores
825 1999 902 2067 alias
917 2000 1084 2082 passiones,
1100 1999 1133 2066 id
1148 2004 1196 2065 esi
1211 1999 1436 2073 fornicationis,

315 2105 501 2191 filargyriae,
523 2106 597 2183 irae,
621 2103 771 2169 tristitiae
793 2102 860 2167 siue
882 2103 1051 2185 superbiae,
1075 2120 1152 2185 quae
1167 2121 1222 2184 per
1236 2107 1339 2168 semet
1353 2104 1467 2169 neriae

282 2208 438 2277 danimae
459 2226 496 2275 ae
516 2203 723 2292 peremptoria
744 2224 811 2271 esse
838 2223 899 2271 nen
926 2203 1058 2271 dubium
1080 2208 1136 2270 est.
1174 2209 1208 2271 et
1230 2205 1346 2273 idcireo
1372 2226 1438 2291 per·

314 2311 456 2378 iectionis
482 2310 651 2395 puritatem
679 2325 851 2390 numquam
877 2306 994 2390 poterit
1022 2308 1170 2387 obtinere,
1205 2310 1346 2393 quisquis
1375 2328 1440 2375 eam

314 2414 353 2480 de
382 2415 441 2481 hae
468 2414 535 2481 sola
565 2414 768 2489 continentie,
797 2412 829 2477 id
860 2417 909 2478 est
937 2414 1052 2479 ieiunio
1081 2414 1233 2497 corporali
1267 2415 1441 2497 sperauerit

314 2518 549 2601 adquirendam,
578 2517 640 2583 uisi
669 2515 794 2582 nouerit
818 2517 857 2582 ob
879 2517 912 2582 id
934 2534 967 2581 se
988 2517 1070 2583 hane
1098 2536 1238 2585 exeruere
1261 2518 1385 2599 debere,
1408 2520 1441 2583 ut

316 2620 482 2686 humiliata
514 2638 604 2686 earne
637 2619 762 2685 ieiuniis
795 2620 919 2685 facilius
951 2620 1052 2704 possit·
1083 2622 1233 2688 aduersus
1268 2622 1332 2689 alia
1362 2622 1474 2687 uideo

316 2722 396 2788 inire
418 2726 574 2790 certamen
597 2739 658 2787 non
680 2722 883 2789 insolescente
906 2741 997 2790 earne
1018 2723 1195 2791 saturitatis
1218 2724 1373 2807 ingluuie.

358 2860 491 2927 XXVII.
516 2860 682 2927 Sciendum
704 2864 811 2929 tamen
833 2882 894 2928 non
917 2864 1050 2930 eundem
1065 2882 1132 2929 esse
1146 2864 1180 2928 in
1196 2864 1339 2930 omnibus
1354 2864 1444 2931 nobis

316 2966 458 3052 ordinem
471 2965 670 3049 proeliorum,
689 2968 762 3049 quia
777 2967 861 3032 sient
875 2965 1011 3032 diximus
1027 2985 1089 3032 uon
1104 2986 1164 3033 nno
1181 2967 1272 3033 modo
1287 2966 1443 3052 inpugna·-

316 3087 388 3134 mur
423 3087 538 3149 omnes,
578 3070 611 3134 et
647 3070 768 3151 eportet
803 3088 1056 3153 unumquemque
1092 3072 1235 3136 nostrum
1271 3073 1445 3138 seeundum

316 3171 500 3255 qualitatem
531 3171 607 3239 belli
636 3190 696 3256 qno
725 3173 941 3257 principaliter
973 3174 1142 3240 infestatur
1175 3175 1479 3240 concertationumn

316 3275 476 3342 luctamen
503 3275 653 3358 adripere,
682 3275 728 3341 ita
756 3278 794 3341 ut
823 3277 921 3342 alium
947 3294 1071 3342 neeesse
1093 3276 1136 3342 sit
1159 3280 1306 3344 aduersus
1327 3278 1446 3343 uitium

318 3381 399 3463 quod
420 3378 548 3444 tertium
562 3378 692 3461 ponitur
706 3378 844 3461 primum
862 3396 1000 3445 excreare
1015 3378 1206 3465 conflictum,
1223 3381 1321 3447 alium
1336 3384 1448 3445 contra

317 3484 465 3564 quartum
486 3480 554 3547 sine
568 3482 725 3564 quintum.
761 3484 793 3545 et
807 3481 853 3546 itu
866 3482 960 3565 prout
974 3484 1042 3565 ipsa
1056 3480 1136 3548 uitia
1149 3482 1184 3548 in
1198 3483 1288 3551 nobis
1303 3481 1447 3549 obtinent

369 3699 535 3755 lamo
625 3700 814 3757 anneeeesartis
835 3702 862 3757 V
961 3702 1112 3759 2receeeos
1129 3704 1279 3761 D¹WOP¹
1370 3721 1451 3761 oceu-

317 3786 435 3854 perimuc
451 3785 494 3840 D¹
522 3800 680 3856 occupemur
700 3786 739 3843 W
836 3786 959 3843 dinauie
975 3788 1056 3844 D¹P¹
1152 3790 1302 3859 dreperiat
1324 3789 1379 3845 ΟΧ

317 3871 334 3925 5
353 3870 529 3939 septinarium
548 3869 577 3926 V
659 3872 694 3927 10
710 3871 864 3929 condamO
950 3874 1083 3930 11th
1108 3874 1148 3929 hii
1164 3875 1264 3931 D¹PX
1290 3876 1379 3931 hieO

318 3957 352 4012 13
369 3957 576 4027 grmtrimargia
596 3958 634 4015 W
660 3960 868 4030 guntmargiee
884 3959 979 4017 D’OP
1070 3976 1127 4017 cese
1148 3963 1209 4019 VP¹
1310 3964 1343 4018 14
1359 3963 1453 4019 intre-

317 4042 427 4098 mittere
441 4042 468 4098 V
551 4043 739 4099 fornicationes
755 4045 821 4100 V¹D
907 4047 1096 4118 ltiilargisiae
1109 4048 1217 4105 DOPX
1303 4050 1454 4119 ldparem·

317 4128 409 4197 pturia
429 4128 456 4183 V
477 4128 612 4198 wintonie
628 4130 685 4186 DO
775 4132 807 4187 18
823 4148 854 4187 ae
875 4132 939 4190 WO
1024 4133 1237 4189 adamiticam
1324 4134 1455 4191 aduims

322 4214 350 4269 V
436 4214 703 4271 alioquentem
790 4220 950 4275 eaturatatis
960 4220 1003 4275 D¹
1096 4220 1300 4291 capuanorum
1317 4220 1378 4278 VW

316 4300 353 4355 24
369 4302 477 4369 opurtet
498 4300 531 4357 7Ι
620 4302 655 4358 26
672 4304 756 4360 alium
774 4320 825 4361 om.
846 4306 885 4361 W
976 4306 1010 4361 28
1027 4306 1152 4362 obtinent
1169 4310 1235 4377 (opt.
1259 4307 1304 4376 W)
1322 4309 1350 4362 in
1368 4307 1458 4363 nobie
1532 4372 1533 4383 χ

316 4387 399 4444 D¹W
