3092 4967
260 359 324 429 232
653 358 816 412 Iohannis
838 358 996 414 Cassiani

262 570 336 617 nam
369 569 442 616 eom
474 568 555 615 anns
583 569 601 615 e
633 549 785 615 iratribus
818 549 933 615 nostris
967 550 1000 614 in
1034 548 1095 614 hae
1127 546 1294 615 solitudine
1326 546 1386 613 iter

262 659 378 739 ageret,
416 652 641 735 ednsspsrante
673 654 738 718 iam
771 654 823 719 die
856 652 982 718 antrum
1018 652 1174 735 quoddam
1211 650 1386 735 repperiens

261 758 383 823 ibidem
404 756 558 834 substitit,
580 759 789 839 uespertinum
818 756 927 821 nolens
948 755 982 820 in
1005 774 1041 820 eo
1063 754 1192 839 synaxin
1216 755 1386 821 celebrares

261 860 317 925 nbi
344 860 420 925 dum
448 860 587 942 psalmos
614 878 650 924 ex
677 878 764 925 more
799 860 954 941 deesntat,
989 860 1114 941 tempus
1143 860 1264 923 mediae
1289 856 1386 923 noodr

231 964 403 1029 2exoessit.
441 980 573 1045 eumque
594 962 685 1028 linita
706 964 917 1029 sollemnitate
939 963 1111 1029 retenturus
1132 962 1253 1027 luseum
1276 978 1385 1043 eorpus
1404 981 1416 1023 a

260 1066 424 1149 paululum
446 1065 621 1150 resedisset,
646 1069 772 1147 repente
794 1068 897 1148 eoepit
919 1070 1063 1131 aeternas
1085 1068 1273 1132 daemonnm
1294 1064 1386 1129 nudi·

261 1188 321 1253 que
347 1169 571 1235 confluentium
600 1170 844 1234 innumerabiles
873 1170 1000 1250 intueri,
1024 1188 1101 1252 quae
1123 1168 1248 1233 infinita
1270 1168 1385 1233 eonsti-

259 1273 387 1355 patione
415 1276 508 1356 atque
537 1273 645 1338 ordine
673 1272 858 1357 longissimo
887 1272 1089 1356 prosedentes
1116 1272 1197 1338 aliae
1224 1272 1387 1354 praeibant

261 1376 431 1459 prinoipem
455 1394 556 1455 suum,
579 1376 659 1442 alise
681 1377 902 1459 sequebantur.
939 1378 993 1459 qui
1021 1375 1148 1441 tendam
1170 1376 1340 1457 aliqnando
1355 1379 1386 1441 et

259 1480 476 1561 magnitudine
502 1480 657 1564 prooerior
685 1482 806 1546 onnotis
836 1484 867 1544 et
895 1480 1024 1561 aspeotu
1052 1479 1224 1545 terribilior
1245 1478 1384 1555 aduenit,
1396 1500 1418 1541 o

261 1600 299 1647 ao
319 1584 420 1667 posito
441 1584 517 1648 solio
540 1602 612 1648 oum
632 1583 666 1648 in
689 1582 839 1649 tribunali
871 1586 1005 1666 quodam
1033 1582 1257 1648 sublimissimo
1280 1599 1386 1647 eonse-

261 1688 368 1766 disset,
411 1687 654 1770 uniuseniosque
702 1690 790 1752 sotus
836 1686 982 1770 diligenti
1019 1685 1120 1767 eoepit
1157 1685 1387 1751 examinatione

260 1791 433 1856 disentere:
456 1790 586 1872 illosque
607 1791 660 1873 qui
684 1790 817 1857 neudum
840 1810 873 1856 se
895 1792 1121 1856 eiroumuenire
1154 1788 1292 1855 aemulos
1316 1803 1387 1852 snos

260 1893 399 1977 potuisse
429 1893 573 1959 dicebant
605 1896 695 1960 uelut
723 1897 840 1960 inertes
870 1896 1062 1977 ignauosqne
1088 1911 1107 1956 a
1134 1895 1298 1977 conspeetu
1332 1906 1387 1957 suo

261 2018 332 2062 oum
354 2001 430 2062 nota
451 2002 483 2062 et
504 1998 620 2063 iniuria
646 1998 776 2064 iubebat
805 1999 929 2083 expelli,
958 1999 1060 2081 spatie
1081 1996 1231 2079 temporis
1252 1995 1335 2059 tanti
1356 1995 1421 2059 etna

262 2118 339 2183 opus
361 2102 497 2166 inaniter
519 2102 684 2182 inpensum
705 2121 778 2167 oum
800 2102 930 2168 fremitu
952 2103 1066 2169 luroris
1088 2100 1284 2184 exprobrans,
1316 2097 1388 2162 illos

261 2222 335 2269 uero
357 2204 411 2286 qui
432 2222 464 2269 se
486 2206 674 2270 nuntiabant
702 2207 896 2289 consignatos
927 2205 1056 2271 sibimet
1078 2204 1234 2286 decepisse
1256 2201 1389 2267 summis

261 2306 409 2372 laudibus
430 2328 502 2374 oum
525 2310 716 2375 exultatione
737 2326 773 2374 ee
797 2309 902 2375 fauore
931 2314 1113 2375 ounotornm
1141 2312 1176 2373 ut
1199 2303 1388 2371 fortissimos

261 2411 426 2477 bellatores
449 2413 488 2478 ad
511 2416 687 2497 exemplum
709 2418 892 2479 cunctorum
908 2413 1149 2498 gloriosissimos
1165 2427 1266 2477 eoram
1283 2404 1386 2474 oxnni-

230 2515 319 2583 sous
341 2516 514 2580 emittebat.
551 2517 736 2599 inquorum
766 2534 894 2582 numero
923 2536 995 2583 oum
1025 2516 1153 2599 quidem
1177 2511 1421 2595 nequissimusao

260 2620 399 2701 spiritns,
422 2621 532 2703 utpote
554 2621 710 2702 quendam
726 2621 922 2704 triumphum
938 2620 1199 2687 sublimissimum
1213 2617 1387 2695 delaturus,

261 2719 371 2785 laetior
392 2720 577 2799 aduenisset,
600 2740 713 2787 nomen
743 2723 889 2787 monaehi
919 2722 1036 2804 optime
1059 2722 1175 2803 cogniti
1198 2716 1388 2802 designauit,

260 2825 406 2889 adserens
427 2828 499 2907 post
519 2826 697 2907 quindecim
720 2844 817 2891 onnes
848 2824 960 2908 quibus
983 2842 1055 2889 eum
1077 2823 1193 2907 iugiter
1216 2821 1390 2887 obsedisset

262 2927 388 2993 tandem
416 2928 581 3011 aliquando
610 2949 644 2994 se
673 2929 897 3011 praeualuisse,
926 2933 963 2995 ιιι
985 2948 1058 2993 eum
1080 2930 1186 2993 eadem
1209 2928 1278 3009 ipsa
1300 2927 1390 2989 noeto

260 3030 352 3096 ruina
379 3031 591 3098 fornicationis
621 3032 767 3099 elideret:
802 3052 874 3099 nam
904 3050 974 3098 oum
1005 3031 1139 3115 quadam
1168 3048 1257 3095 saera
1285 3026 1422 3111 puellare
1521 3024 1522 3107 j

262 3153 325 3201 non
352 3135 453 3201 solum
480 3136 632 3218 inpulisse
662 3144 698 3201 ιιι
726 3137 828 3219 stupri
857 3136 973 3201 orimen
1002 3135 1184 3212 insumeret,
1216 3134 1268 3197 sed
1292 3130 1389 3195 etiem

261 3239 451 3319 persuasisse
484 3242 519 3302 ut
553 3258 621 3303 eam
655 3238 782 3303 sibimet
813 3238 880 3303 iure
909 3238 1044 3319 coniugii
1077 3238 1258 3302 retentaret.
1298 3250 1390 3315 super

261 3340 348 3405 unius
370 3342 520 3407 relatione
542 3360 615 3408 oum
637 3341 764 3407 inmane
788 3342 972 3407 eunotorum
995 3340 1145 3424 gaudium
1168 3338 1281 3403 luisset
1304 3353 1391 3401 exor-

312 3612 575 3680 2adnesperanti0
600 3612 834 3683 aduesperasoente
853 3612 905 3667 Xo
997 3612 1014 3665 3
1037 3609 1166 3665 substetit
1187 3610 1235 3665 W¹
1265 3608 1392 3663 subsistit

262 3698 287 3753 0
371 3699 476 3751 sinaxin
497 3699 562 3755 WP
590 3698 734 3754 sinexsiO
829 3698 1048 3767 boorpusoulum
1064 3696 1124 3752 DP
1218 3693 1392 3750 brasidiaset

260 3783 319 3839 Do
412 3784 532 3853 seoque
547 3786 598 3839 VP
679 3786 840 3853 praebibant
856 3784 892 3840 W
984 3784 1109 3837 litamen
1128 3784 1166 3839 W
1253 3779 1286 3835 11
1305 3780 1392 3834 oonsi-

262 3872 346 3925 disset
360 3872 409 3927 W¹
497 3872 739 3926 12ιιιιιιειιιίιιε1)ι
827 3874 859 3928 13
871 3872 1036 3927 aemulosW
1122 3870 1154 3925 14
1166 3870 1269 3921 suentes
1286 3866 1324 3922 W

264 3958 296 4012 16
313 3972 454 4026 expensum
477 3958 578 4013 OPXo
674 3960 706 4013 ll
724 3960 898 4028 consignatus
919 3957 955 4012 V¹
1050 3956 1084 4010 18
1101 3952 1249 4009 ferboreO
1338 3950 1392 4004 sur-

261 4046 384 4098 tissimus
399 4044 435 4099 V¹
522 4046 555 4098 19
566 4047 723 4099 cunctorum
739 4046 765 4098 V
850 4044 1062 4115 gloriosissemos
1074 4042 1114 4096 1)ι
1201 4038 1234 4092 22
1253 4036 1393 4091 aduenisse

267 4130 315 4185 W¹
404 4131 501 4201 optimi
523 4131 549 4186 V
572 4130 674 4185 obtime
697 4131 747 4187 ΟΡ
837 4132 871 4185 23
889 4128 1036 4200 quindisim
1058 4127 1094 4182 V¹
1185 4122 1334 4179 obsedisset
1350 4120 1394 4176 D¹

267 4218 359 4273 OPX:
392 4218 538 4272 obsidesset
559 4218 586 4271 V
611 4218 753 4273 obsidisaet
769 4216 853 4273 D¹W
935 4213 1167 4270 meminationes
1183 4210 1210 4265 V
1298 4208 1333 4263 26
1349 4208 1392 4261 in·

262 4304 375 4373 polisset
388 4304 414 4359 V
479 4306 512 4358 27
525 4305 635 4358 sibimet
648 4304 716 4358 VX:
734 4304 787 4358 sibi
799 4303 916 4360 DWPo
935 4302 985 4356 sub
1002 4300 1024 4356 0
1108 4298 1141 4353 28
1155 4296 1271 4351 elatione
1282 4294 1323 4349 D¹
