3092 4967
535 494 695 550 conlatio
719 494 815 562 xlm,
832 497 858 551 9.
1195 498 1261 566 409

136 683 264 751 minime
293 685 507 767 senesquetur.
544 685 611 749 este
641 701 714 768 erge
735 702 794 768 per
815 686 922 751 emnia
946 686 1054 752 eitus
1077 688 1124 753 ad
1146 687 1260 755 aurii·

134 788 287 867 sudum,
318 790 458 855 tardus
481 791 612 853 autem
633 788 679 853 ad
709 789 965 872 loquendum,
996 808 1035 855 ne
1056 792 1150 857 estat
1171 792 1204 856 iu
1227 795 1260 859 te

132 892 212 957 illud
227 892 311 973 qued
326 892 453 957 uemiur
467 909 486 956 a
501 889 683 957 Salomone:
706 891 742 957 ei
763 892 915 959 uideris
936 894 1065 959 uirum
1086 894 1260 962 ueleeem

133 995 169 1059 iu
193 994 350 1077 uerbis,
378 994 483 1060 saite
509 994 599 1077 quia
621 1014 727 1079 spem
749 995 891 1062 habuit
911 996 1112 1077 iusipiens
1134 998 1260 1082 magia

113 1113 257 1181 equam
285 1096 382 1177 ille,
411 1116 468 1163 use
483 1114 685 1195 ‚quemquam
714 1099 817 1164 uerbis
843 1099 954 1166 ‹loeere
974 1118 1155 1181 praesumas
1178 1104 1259 1184 qued

131 1219 222 1284 opere
244 1204 318 1267 aute
340 1218 401 1267 neu
423 1202 544 1267 feners.
580 1200 663 1267 hune
684 1202 767 1269 euim
791 1220 847 1269 nes
867 1203 1006 1269 ordinem
1028 1205 1135 1269 tenere
1149 1201 1290 1270 deberet

131 1305 230 1369 etiam
253 1304 401 1387 exemplis
422 1307 486 1371 suis
510 1280 654 1371 demir'rue
676 1308 781 1371 uester
803 1304 954 1386 instituit,
976 1305 1015 1371 de
1028 1324 1089 1389 quo
1112 1306 1158 1372 ita
1179 1306 1259 1373 diei·

131 1411 200 1473 tur:
232 1426 327 1491 quae
356 1408 487 1490 eoepit
509 1406 622 1473 Iesus
652 1406 790 1475 faeere
810 1412 849 1473 et
876 1408 1025 1474 deesse.
1062 1427 1138 1475 saue
1158 1410 1260 1493 igitur

131 1530 169 1575 ue
204 1514 279 1575 aute
308 1514 414 1577 aetum
442 1509 606 1595 prosiliere
636 1511 676 1577 au
702 1511 873 1577 dueentem
908 1513 943 1577 iu
975 1513 1103 1579 illerum
1129 1532 1260 1580 numere

102 1612 302 1697 redeputeris,
340 1614 379 1679 de
416 1613 529 1697 quibus
566 1613 599 1679 in
636 1614 799 1697 euangelio
835 1616 979 1681 deminus
1015 1617 1054 1681 ad
1090 1614 1260 1700 discipules

132 1716 289 1800 loquitur:
312 1735 410 1800 quae
434 1718 572 1783 dieunt
594 1717 705 1785 uobis
728 1720 885 1783 seruate
902 1721 939 1782 et
960 1717 1102 1797 sasire,
1124 1736 1258 1785 seeun-

133 1820 222 1884 dum
246 1837 365 1903 epera
388 1836 478 1885 uere
500 1836 634 1885 eorum
656 1819 785 1885 nolite
813 1820 961 1885 faeere:
991 1822 1132 1887 dieunt
1155 1821 1257 1887 euim

133 1925 170 1987 et
207 1940 280 1988 neu
318 1922 484 1987 faciunt.
528 1923 704 2006 alligant
735 1924 866 1988 autem
898 1942 1016 1991 onera
1046 1926 1186 2006 grauia
1219 1927 1259 1990 et

132 2026 403 2111 inportabilia
420 2027 458 2090 et
475 2028 667 2109 inponunt
682 2043 725 2092 ea
742 2045 857 2109 super
874 2045 1027 2093 umeros
1045 2027 1258 2101 homiuum,

100 2130 211 2211 „ipsi
234 2133 366 2195 eutem
388 2130 517 2214 digito
539 2148 605 2195 sue
628 2132 771 2197 nolunt
793 2149 836 2195 ea
856 2148 1018 2196 mouere.
1048 2131 1076 2195 si
1099 2130 1182 2197 euim
1204 2130 1259 2196 ille

132 2233 202 2315 qui
236 2250 355 2297 uuum
388 2233 613 2298 mandatum
643 2233 850 2299 minimum
880 2231 1047 2298 selusus
1077 2232 1260 2298 desuerit

132 2337 189 2402 sia
206 2336 400 2417 hemines,
423 2336 610 2401 minimus
628 2336 837 2402 uocabitur
856 2337 895 2401 iu
912 2352 1031 2418 regne
1049 2336 1257 2417 saelorum,

132 2437 187 2521 qui
203 2438 307 2504 multa
321 2439 353 2504 et
367 2437 487 2503 maiora
502 2438 670 2522 neglegens
685 2437 794 2503 dooere
811 2437 1055 2519 praesumpserit
1070 2454 1259 2519 eeusequeue

132 2541 273 2625 proferte
297 2542 403 2606 estut
425 2558 488 2606 neu
510 2540 573 2605 iam
596 2541 745 2605 minimus
775 2542 808 2606 iu
829 2558 926 2624 regne
949 2540 1118 2622 saelorum,
1148 2542 1203 2605 sed
1224 2542 1259 2606 iu

97 2644 294 2729 „gehenuae
316 2644 468 2727 supplicio
492 2644 645 2709 maximus
667 2645 827 2711 habeatur.
856 2645 891 2709 st
911 2643 981 2709 ides
1002 2643 1176 2709 mendum
1199 2643 1288 2712 tibi‘l

133 2754 180 2815 est
205 2767 245 2815 ne
275 2746 402 2813 illorum
424 2748 464 2813 ad
486 2750 657 2813 docendum
686 2746 826 2813 iueiteris
848 2747 1008 2829 exemplis,
1037 2748 1090 2829 qui
1111 2746 1259 2830 peritiam

133 2850 316 2935 disputandi
337 2869 373 2915 ae
394 2852 544 2915 sermonis
567 2850 749 2916 afluentiam
771 2852 938 2934 eeuseeuti,
968 2850 1042 2933 quia
1070 2852 1202 2933 pessunt
1221 2869 1260 2915 ea

132 2974 212 3039 quae
227 2955 386 3020 uolueriut
400 2956 508 3019 ornate
525 2956 705 3036 aepieseque
720 2952 881 3033 disserere,
904 2953 1068 3019 seientiam
1082 2953 1259 3034 spiritalem

132 3057 292 3140 possidere
313 3057 482 3123 ereduntur
505 3056 544 3121 ab
569 3057 617 3121 his
640 3057 694 3138 qui
716 3058 783 3123 uim
805 3058 871 3123 eius
893 3058 926 3124 et
940 3056 1125 3139 qualitatem
1141 3055 1260 3121 disesr·

97 3179 208 3234 ,uere
244 3178 307 3225 nou
343 3164 508 3225 nonerunt.
546 3159 633 3225 aliud
664 3177 798 3241 namque
832 3163 882 3225 est
911 3158 1100 3225 facilitatem
1132 3159 1194 3222 eris
1227 3162 1260 3223 et

133 3264 269 3329 nitorem
298 3262 412 3329 habere
439 3262 589 3327 sermonis
620 3264 653 3327 et
682 3261 769 3327 aliud
800 3279 897 3327 uenas
919 3279 956 3325 ae
977 3259 1133 3326 medullas
1156 3258 1258 3325 caele-

133 3368 232 3432 stium
253 3366 371 3431 intrare
394 3366 547 3431 tiatorem
570 3384 606 3431 ae
628 3364 781 3449 profunda
803 3366 835 3429 et
857 3363 1039 3429 ebseeudita
1064 3363 1261 3429 sacramenta

133 3469 302 3551 purissime
332 3468 433 3535 cerdis
459 3468 546 3534 ocule
570 3467 786 3550 contemplari,
816 3467 898 3549 qued
921 3465 1101 3531 nullatenus
1123 3466 1260 3530 humana

239 3696 438 3761 11se1‚1a
540 3694 662 3749 seror.
683 3694 726 3758 ea,
749 3693 897 3763 aarum)
1000 3694 1102 3748 eset.
1128 3694 1188 3759 1,1

136 3786 166 3837 11
185 3782 236 3838 ιιι.
254 3784 297 3851 ss,
315 3782 384 3838 a-4
487 3780 683 3847 1eur.s,1s

188 4000 200 4051 1
220 4000 396 4067 peraequatur
413 3996 453 4049 ll‘
553 3994 768 4049 sulmonem
786 3994 853 4060 (eres
871 3994 910 4057 ll)
1012 3993 1130 4049 thabat
1147 3995 1193 4048 φο

132 4082 255 4137 titteris
273 4082 304 4135 Π
397 4081 489 4136 debere
506 4094 558 4134 em.
575 4080 601 4133 Τ
692 4080 708 4133 7
727 4079 789 4149 que]
807 4094 861 4147 qua
877 4078 909 4131 Π
999 4078 1144 4133 tactuum
1163 4079 1192 4129 Σ

133 4167 165 4222 in
183 4182 234 4223 erra.
250 4168 282 4221 Π
376 4166 410 4222 10
427 4167 573 4236 diseipules
589 4182 651 4220 saer
668 4168 711 4221 Pe
806 4165 841 4220 14
858 4165 983 4219 humeros
1000 4164 1055 4218 TO
1149 4166 1183 4218 18
1199 4180 1259 4218 nee-

136 4253 227 4323 legne
251 4256 280 4307 Σ
390 4254 580 4323 praesumserit
601 4251 683 4320 210)
795 4250 831 4305 20
854 4250 994 4320 supplieiis
1016 4253 1042 4302 ‘I'
1141 4253 1184 4303 est
1206 4249 1259 4303 tibi

135 4342 162 4391 ‘P
255 4342 290 4397 ᾗ
307 4340 473 4396 affluentiam
490 4342 516 4392 Τ
606 4340 712 4408 possint
731 4338 759 4389 Σ
856 4338 891 4393 24
908 4340 937 4392 et
953 4337 1123 4407 qualitatem]
1142 4336 1259 4405 aeqmli·

137 4429 220 4481 tatem
237 4429 266 4479 Σ
368 4427 401 4481 27
420 4426 627 4482 interdictorum
645 4426 673 4477 Π
