3092 4967
235 419 275 483 16
618 414 785 468 Iohannis
809 412 966 468 Cassiani

232 603 333 688 portio
367 604 466 686 possit
499 602 611 667 auferri
647 604 715 683 (neo
748 604 832 669 cuim
859 601 1069 669 ministerium
1098 602 1255 685 corporale
1283 620 1353 668 cum

231 707 358 772 homine
386 706 501 789 poterit
531 704 647 787 iugiter
668 709 874 789 permanere),
902 707 988 772 illins
1010 724 1083 772 uero
1106 706 1245 772 studium
1268 707 1354 773 nullo

231 828 356 892 prorsus
378 828 454 875 aeuo
476 812 564 876 docet
585 826 674 892 posse
696 808 789 875 finiri.

275 929 379 996 Vllll.
409 930 460 995 Ad
488 930 569 1012 quod
600 948 654 995 nos
686 932 777 997 ualde
798 930 947 1013 permoti:
976 928 1057 1008 Quid
1081 930 1175 1015 ergo?
1203 930 1353 997 diximus:

230 1032 320 1099 labor
357 1032 552 1114 ieiuniorum,
598 1033 739 1099 lectionis
776 1036 936 1119 instantia,
981 1053 1074 1116 opera
1112 1034 1389 1119 misericordiane

232 1136 377 1218 iustitiae,
412 1135 538 1219 pietatis
566 1142 597 1202 et
625 1136 831 1203 humanitatis
868 1138 1089 1203 auferentura
1115 1137 1204 1203 nobis
1233 1139 1264 1202 et
1293 1158 1352 1204 uon

230 1240 453 1323 permanebunt
468 1256 539 1305 cum
554 1237 734 1305 auctoribus
749 1241 823 1317 suis,
846 1240 1026 1323 praesertim
1042 1258 1113 1306 cum
1128 1242 1194 1323 ipse
1210 1241 1352 1308 domiuus

229 1342 462 1408 retributionem
487 1344 575 1426 regni
598 1343 753 1409 caelorum
774 1343 824 1408 his
847 1345 993 1426 operibus
1015 1343 1214 1426 repromittat
1229 1346 1351 1411 dicens:

230 1446 368 1511 uenite
400 1445 610 1513 benedicti
643 1448 767 1531 patris
802 1452 892 1531 mei,
930 1446 1139 1531 possidete
1170 1449 1351 1530 paratum

229 1548 341 1616 uobis
362 1568 521 1633 reguum
544 1569 563 1615 a
586 1552 875 1617 constitutione
898 1551 1039 1617 mundi.
1077 1551 1229 1615 esuriui
1251 1552 1388 1619 enimro

229 1655 268 1720 et
290 1653 462 1719 dedistis
484 1654 578 1719 mihi
602 1656 855 1734 manducare,
878 1656 993 1721 sitini
1009 1654 1231 1721 etdedistis
1253 1654 1350 1719 mihi

228 1754 381 1834 bibere,
413 1759 444 1822 et
472 1758 597 1822 cetera?
625 1759 777 1840 quomodo
804 1776 877 1841 ergo
900 1758 1079 1825 auferentur
1101 1758 1178 1824 haec
1199 1777 1279 1840 qnae
1300 1758 1351 1823 in·

228 1859 398 1925 troduount
419 1859 551 1925 factores
573 1878 644 1925 suos
666 1862 698 1926 iu
720 1878 852 1943 reguum
876 1861 1056 1927 caelorum?

162 2068 163 2071 Ἴ
270 1980 310 2047 X.
333 1998 477 2047 uorsus:
501 1980 567 2047 Nec
589 2000 645 2065 ego
667 1980 732 2047 diri
756 1983 929 2047 mercedem
944 1983 1016 2049 boui
1030 1986 1131 2064 operis
1147 1982 1349 2049 auferendam

228 2083 349 2149 dicente
371 2086 476 2150 eodem
498 2084 638 2150 domino:
661 2085 728 2169 qui
753 2090 887 2168 potum
909 2085 1064 2151 dederit
1086 2086 1152 2151 nui
1173 2104 1214 2151 er
1237 2089 1386 2156 mini-re

228 2188 300 2253 mis
323 2188 417 2253 istis
439 2187 599 2253 calicem
622 2206 745 2271 aquae
767 2189 940 2274 frigidae
962 2191 1118 2255 tautum
1141 2190 1350 2253 innomine

228 2290 434 2373 discipuli,
464 2310 573 2357 amen
602 2292 690 2357 dico
715 2294 842 2371 uobis,
872 2311 945 2358 uon
967 2293 1106 2376 perdet
1127 2293 1346 2358 mercedem

228 2379 347 2471 suam,
369 2393 600 2459 seductionem
623 2394 701 2471 dico,
728 2413 822 2478 quam
846 2396 896 2459 uel
917 2394 1085 2460 necessitas
1106 2395 1273 2477 corporalis
1296 2394 1348 2460 uel

227 2496 408 2581 inpugnatis
436 2499 536 2562 carnis
565 2515 619 2563 scu
647 2498 755 2563 mundi
783 2498 876 2564 huius
906 2498 1111 2581 inaequalitas
1133 2497 1347 2563 administrari

227 2600 333 2683 erigit,
366 2600 573 2666 auferendam.
612 2619 684 2667 nam
718 2602 859 2667 lectionis
892 2601 1043 2667 instantia
1076 2599 1126 2665 uel
1158 2600 1388 2670 ieiuniorumso

226 2702 360 2769 adflictio
389 2704 428 2768 ad
456 2704 706 2769 emundationem
734 2706 835 2770 cordia
863 2710 895 2770 et
922 2705 1157 2788 castigationem
1184 2705 1284 2769 carnis
1314 2706 1346 2769 in

226 2810 381 2891 praesenti
414 2810 628 2874 tautummodo
659 2808 782 2874 utiliter
812 2814 1001 2893 exercentur,
1030 2811 1126 2873 donec
1153 2824 1239 2871 caro
1262 2824 1346 2871 cou-

227 2912 399 2993 cupiscit
422 2912 606 2977 aduersus
627 2912 826 2995 spiritum.
865 2930 943 2996 quae
968 2929 1202 2993 nonnumquam
1223 2909 1262 2974 ab
1285 2909 1345 2985 his,

226 3014 280 3097 qui
302 3013 406 3079 labore
427 3014 524 3080 nimio
546 3034 600 3079 seu
623 3017 818 3101 aegritudine
838 3015 975 3099 corporis
990 3014 1115 3081 senione
1132 3012 1246 3079 defessi
1260 3016 1344 3093 sunt,

226 3120 321 3185 etiam
343 3119 377 3183 in
398 3118 554 3201 praesenti
569 3119 712 3185 uidemus
728 3119 843 3185 auferri
859 3138 915 3185 uec
930 3120 969 3185 ab
986 3120 1111 3184 homine
1126 3135 1214 3200 posse
1228 3116 1346 3201 iugiter
1356 3146 1383 3187 η

195 3220 367 3288 tererceri.
405 3225 520 3305 quanto
549 3222 649 3304 magis
679 3240 751 3305 ergo
779 3222 857 3288 haec
878 3221 913 3287 iu
933 3223 1038 3287 futuro
1069 3220 1243 3298 cessabunt,
1275 3239 1345 3286 cum

226 3323 493 3406 corruptibile
525 3325 594 3391 hoc
628 3325 764 3391 induerit
798 3324 1141 3407 incorruptionem
1176 3340 1345 3405 corpusque

224 3426 312 3492 istud
334 3429 414 3511 qnod
435 3446 517 3494 nuuc
537 3428 712 3495 animale
734 3432 782 3494 est
811 3428 976 3494 surrexerit
999 3426 1201 3510 spiritale
1223 3429 1256 3490 et
1278 3444 1346 3491 coe·

225 3531 307 3612 perit
329 3548 397 3596 caro
418 3550 479 3597 nou
502 3551 567 3598 csse
589 3534 652 3599 iam
667 3533 740 3599 talis
755 3536 792 3597 ut
806 3535 954 3597 aduersus
974 3530 1122 3614 spiritum
1137 3530 1344 3611 concupiscat.

226 3632 264 3697 de
286 3632 398 3715 quibus
420 3636 513 3700 etiam
536 3633 647 3701 beatus
663 3636 820 3719 apostolus
834 3634 1001 3700 manifeste
1015 3633 1199 3716 pronuntiat
1213 3650 1305 3714 corp
1315 3650 1344 3695 o·
1354 3659 1383 3698 co

327 3835 421 3891 alit.
446 3836 615 3903 mee-35
715 3838 750 3893 15
775 3836 826 3891 nt.
851 3836 950 3901 1o‚42
1051 3836 1086 3891 22
1110 3834 1218 3901 scio,
1244 3836 1276 3890 17

225 3920 481 3989 dilectit&
582 3920 841 3987 calonnam
942 3922 1174 3990 coluimus

275 4092 386 4147 dfinire
402 4092 446 4146 12¹
530 4092 732 4151 ldieimusW
816 4092 949 4149 diustius
969 4093 1010 4150 W
1093 4090 1277 4161 1010ng¹

226 4177 259 4231 12
275 4178 431 4233 auferentur
448 4177 544 4235 DXu:
573 4178 791 4234 auferendasunt
808 4180 845 4236 W
930 4182 963 4237 14
980 4196 1065 4235 mosea
1082 4178 1165 4234 D¹W
1250 4178 1282 4233 19
1298 4177 1344 4231 cd·

225 4264 376 4319 ministrare
397 4264 436 4321 W
536 4264 573 4320 20
593 4281 774 4322 osmannae
791 4266 822 4322 D
923 4266 959 4323 24
980 4267 1035 4338 qui]
1054 4284 1080 4337 q3
1096 4266 1138 4321 D¹
1240 4262 1344 4319 dclfccsi

228 4350 266 4407 W
367 4348 401 4406 29
418 4350 486 4405 tales
507 4350 556 4407 W¹
