3092 4967
292 420 355 490 190
678 420 845 477 Iobenuie
868 418 1030 477 Oeseieni

289 610 453 693 peomtum
474 606 691 692 gnodonmqne
713 607 763 676 illi
785 608 929 679 eordibus
951 608 1067 677 noetris
1088 608 1212 677 inurere
1234 606 1422 687 uoluissent,

291 712 320 777 si
342 710 386 777 eis
408 711 671 796 quemadmodum
690 714 732 778 ed
752 714 991 797 suggerendum,
1013 714 1060 781 ite
1081 713 1114 779 et
1128 714 1167 780 ei
1181 711 1422 795 conpellendum

259 814 427 882 tironibus
462 815 600 882 uiolento
631 815 820 897 subpeteret.
863 814 1066 899 quemobrem
1100 814 1183 883 nont
1212 814 1248 881 in
1275 814 1344 881 illie
1375 820 1423 879 est

291 917 503 1002 iustigutiouie
524 915 622 1003 oopie,
648 918 694 985 its
714 918 749 984 in
771 917 861 987 nobie
884 918 986 987 uirtus
1008 920 1172 1003 respuendi
1193 917 1262 985 siue
1293 918 1423 1001 adquie·

289 1020 397 1087 sosuoi
428 1020 558 1088 libertos
590 1023 641 1087 eet
670 1020 839 1090 edbibutu
875 1038 1008 1105 quorum
1041 1027 1148 1089 tomen
1180 1021 1357 1104 potentium
1392 1024 1454 1091 ete

289 1122 533 1209 inpugnationes
568 1125 597 1192 si
636 1124 897 1209 pertineremus,
941 1124 1037 1193 etiem
1080 1125 1287 1209 protentiones
1326 1127 1424 1211 etque

288 1228 447 1295 edintorie
469 1228 520 1295 dei
543 1246 561 1294 e
580 1228 735 1295 eontrario
754 1227 961 1313 eonferemus,
994 1230 1034 1296 de
1055 1246 1117 1312 quo
1139 1227 1270 1295 dieitur:
1294 1232 1424 1297 moion

288 1334 389 1399 eninr
422 1332 490 1416 qui
522 1332 564 1399 iu
596 1331 712 1399 nobie
748 1334 811 1399 est
846 1350 958 1417 quem
991 1332 1058 1415 qui
1091 1333 1131 1399 iu
1164 1333 1233 1399 boo
1264 1332 1423 1401 mundo.

288 1435 379 1502 ouius
409 1436 527 1504 auxilie
553 1436 655 1503 multo
684 1435 916 1503 uehementiore
943 1436 1081 1503 militent
1105 1435 1225 1505 uirtute
1247 1455 1304 1520 pro
1328 1438 1423 1505 nobie

287 1557 382 1623 quum
404 1539 557 1607 einereue
578 1558 635 1607 noe
655 1540 786 1607 illorum
808 1540 978 1607 multitudo
992 1539 1141 1624 oontiigit
1177 1557 1249 1607 unm
1264 1540 1456 1608 bonerumo

288 1662 396 1710 rerum
417 1662 479 1711 non
501 1645 627 1711 tentum
647 1646 821 1729 suggestor,
851 1642 907 1709 sed
927 1642 1027 1709 etiem
1049 1642 1153 1709 fautor
1167 1646 1262 1726 etque
1276 1644 1425 1725 inpulsos

289 1749 339 1814 eet
360 1748 445 1827 deus,
467 1746 516 1814 ito
535 1749 573 1813 nt
594 1765 829 1831 nonnumquam
850 1764 907 1814 nos
929 1746 1027 1815 etiem
1048 1747 1169 1815 inuitos
1190 1748 1224 1813 et
1238 1748 1425 1831 ignorantes

227 1921 229 1934 ,
257 1850 435 1917 osonebet
457 1851 497 1917 ed
519 1851 664 1919 sulutem.
698 1851 823 1918 oonstet
845 1868 918 1935 ergo
940 1851 1096 1918 nemiuem
1126 1868 1215 1933 posse
1243 1869 1262 1918 e
1291 1850 1426 1919 diabolo

229 2035 232 2046 Ι
291 1952 393 2037 deripi
421 1951 484 2019 nisi
512 1954 613 2035 illum,
642 1954 698 2037 qui
726 1952 876 2036 pruebere
902 1954 930 2021 oi
958 1954 1109 2021 moluerit
1137 1972 1212 2021 eune
1242 1954 1425 2021 uoluntatis

290 2054 469 2123 eomnsuuu
504 2056 585 2141 quot
615 2055 818 2123 ltoolesiestes
846 2056 895 2123 his
925 2056 1030 2125 uerbis
1060 2056 1221 2123 euidenter
1249 2058 1457 2140 expressitzu

235 2160 384 2242 -quie
405 2159 505 2226 enim
534 2160 683 2226 nonsit
711 2160 979 2227 oontrediotio
1000 2161 1045 2227 ub
1068 2159 1131 2227 bis
1161 2160 1227 2245 qui
1255 2159 1427 2229 feriunt

287 2251 433 2329 melum
455 2261 555 2342 oito,
569 2262 660 2329 ideo
674 2264 873 2346 repletum
889 2264 948 2330 est
963 2281 1028 2330 eor
1045 2264 1225 2331 filiorum
1240 2262 1426 2333 bominis

286 2366 326 2431 iu
361 2366 461 2449 ipsis
497 2372 540 2431 ut
576 2365 726 2433 feoiunt
762 2368 873 2433 mele
918 2384 991 2455 ergo
1025 2366 1229 2435 menifestum
1260 2367 1310 2433 est
1345 2368 1426 2435 bino

286 2487 539 2554 unumquemque
575 2469 762 2553 deinquers,
801 2470 883 2553 quod
918 2470 1138 2557 ingruentibus
1171 2472 1425 2556 oogitetionibue
1537 2544 1538 2549 ,

286 2574 393 2657 poeuis
426 2590 489 2639 nou
521 2572 566 2639 eie
600 2572 766 2639 ooufestim
801 2575 958 2657 repulsum
995 2574 1250 2641 oontrudistiouis
1282 2574 1458 2645 obicietur

286 2694 361 2741 uum
382 2676 585 2754 resistite,
608 2675 722 2759 inquit,
746 2677 796 2761 ei,
820 2677 858 2742 et
880 2676 1008 2761 fugiet
1028 2697 1049 2743 o
1070 2677 1190 2744 uobis.

329 2794 432 2861 VIIII.
467 2812 667 2865 suunuvs:
699 2796 787 2877 Quod
816 2797 911 2874 11111,
945 2815 1068 2881 quareo,
1101 2802 1151 2865 eet
1183 2798 1306 2865 enimse
1339 2818 1424 2867 oum
1536 2838 1537 2879 ι

284 2896 356 2964 istis
383 2898 550 2983 spiritibus
580 2920 713 2985 nequem
734 2906 803 2969 tem
825 2901 1030 2969 indiscretum
1052 2903 1305 2987 permixtumque
1335 2920 1422 2971 oon·

283 3002 428 3082 sortium,
450 3021 509 3087 quo
531 3003 579 3071 sio
600 3006 701 3073 sidem
727 3024 791 3071 non
813 3002 914 3071 disum
936 3007 1035 3091 iungi,
1057 3006 1113 3073 esd
1128 3005 1212 3073 uniri
1227 3006 1366 3091 possint,
1383 3010 1425 3076 ut
1535 3082 1536 3089 χ

286 3107 318 3170 et
350 3106 475 3190 adloqui
508 3128 576 3175 eum
608 3110 832 3177 insensibiliter
865 3111 898 3176 st
926 3110 1021 3176 inseri
1051 3111 1145 3195 etque
1180 3109 1333 3195 inspirare
1369 3113 1459 3179 illies

284 3226 497 3295 queeoumgue
526 3212 686 3279 noluerint
715 3213 749 3280 et
776 3213 817 3278 ui
850 3232 886 3281 ee
911 3231 990 3295 quoe
1011 3212 1167 3299 pleouerit
1189 3232 1260 3281 eum
1281 3214 1423 3283 uulmnt

284 3310 435 3395 instigare
468 3315 596 3397 eiusque
629 3316 837 3397 oogitotiones
866 3333 904 3382 uo
932 3318 1037 3383 motue
1067 3316 1195 3386 uident
1223 3320 1318 3401 etque
1342 3339 1423 3405 per·

387 3496 434 3551 71
453 3498 556 3566 10114,
575 3500 593 3553 4
697 3502 731 3556 16
748 3500 847 3558 Eooloe.
865 3502 891 3568 8,
910 3502 941 3556 11
961 3501 1055 3572 (Lxx)
1160 3502 1191 3557 21
1211 3504 1265 3559 Ino.
1281 3504 1344 3572 4,o

334 3664 553 3735 ieonplendnm
582 3666 664 3723 OPX
801 3670 922 3740 isnpie
952 3670 986 3725 7Ι
1114 3673 1343 3743 optimineimus
1373 3678 1423 3733 D¹

282 3752 498 3820 pertimescemus
519 3754 557 3810 W
658 3754 745 3824 eoque
766 3755 846 3813 7οΡ
950 3757 1129 3814 tediuturis
1154 3759 1191 3814 V¹
1293 3762 1424 3819 8nobis

280 3839 324 3891 itu
341 3836 418 3893 root.
498 3842 540 3893 est
557 3855 607 3897 om.
624 3841 654 3895 D
742 3842 776 3897 10
794 3842 938 3899 sineremur
957 3843 1011 3900 ΟΧ
1090 3847 1121 3900 11
1140 3850 1286 3916 suggestor
1306 3848 1342 3902 7ι

280 3920 374 3977 fantur
386 3922 422 3975 7Ι
507 3924 592 3993 etque
606 3924 681 3981 VOP
766 3928 891 3997 inpulsus
905 3929 938 3984 V¹
1025 3930 1058 3984 12
1070 3932 1173 3986 inuitus
1189 3931 1222 3985 111
1309 3934 1344 3988 13
1357 3934 1423 3993 dis-

280 4006 345 4062 bulo
362 4007 414 4065 VP
498 4010 530 4064 15
548 4010 711 4067 eoolisisstes
726 4013 753 4068 V
837 4016 870 4071 16
887 4015 954 4071 isO
1041 4016 1073 4069 11
1091 4018 1120 4070 et
1131 4015 1189 4071 ideo
1205 4016 1232 4071 V
1316 4019 1351 4074 18
1371 4021 1423 4079 hie

283 4095 336 4151 ΟΡ
432 4096 466 4151 20
483 4097 521 4152 eis
538 4112 589 4152 oet
606 4097 680 4153 DW
768 4102 802 4155 21
823 4101 916 4171 inquid
938 4102 1061 4158 VDWP
1161 4102 1194 4157 22
1211 4105 1283 4159 istut
1305 4107 1345 4163 17

280 4180 316 4235 24
332 4184 364 4235 ut
381 4197 433 4250 quo
454 4181 481 4235 V
506 4186 539 4236 ut
556 4189 619 4249 (om.
637 4187 743 4254 quo)O
833 4190 910 4242 utet
931 4188 967 4243 Vr
996 4190 1025 4243 et
1040 4188 1138 4246 DWO
1165 4204 1218 4258 quo
1237 4190 1265 4245 P
1293 4194 1367 4261 quod
1388 4205 1423 4253 et

280 4266 314 4319 X
405 4267 537 4337 ibedqno
552 4269 629 4325 7οΡ
712 4272 892 4341 inspirurieD
987 4274 1021 4328 26
1033 4274 1068 4331 ud
1080 4288 1131 4329 om.
1149 4273 1176 4329 V
1258 4278 1423 4345 pleeuerint

280 4352 360 4408 PXo
462 4355 495 4409 27
513 4355 599 4425 eoique
619 4356 672 4411 VP
833 4372 834 4375 ’
