3092 4967
311 400 352 476 98
700 406 865 461 lobannis
883 405 1041 463 Cassiani

310 599 458 663 inmorari
479 600 649 680 optansque
671 596 797 661 sibimet
815 612 1022 661 subsessorem
1037 594 1256 679 dignissimum
1271 598 1425 678 prouidere

279 704 465 783 donperstes
486 719 557 766 eum
578 700 762 784 presbyterii
787 698 902 764 honore
930 698 1079 781 prouexit
1115 699 1168 781 qui
1190 702 1296 765 tamen
1318 699 1424 781 prioris

310 804 499 870 humilitatis
527 803 777 869 consuetudinem
806 821 868 869 non
898 802 1045 869 omittens
1074 802 1153 867 nibil
1187 820 1335 885 umquam
1366 802 1425 869 sibi

309 907 364 971 illo
391 911 552 989 praesente
582 907 619 971 de
647 906 835 973 sublimioris
863 905 980 970 ordinis
1010 906 1179 974 adiectione
1206 906 1345 985 donauit,
1372 905 1424 971 sed

310 1028 431 1093 semper
461 1012 573 1078 abbeie
601 1009 746 1075 Psfnulio
775 1008 931 1092 spirltslos
957 1006 1075 1074 hostius
1096 1007 1244 1074 offerente
1265 1008 1318 1074 hio
1340 1008 1453 1075 usluto

309 1114 453 1180 diaeonus
475 1115 508 1178 in
529 1113 640 1196 prioris
663 1107 837 1178 ministerii
852 1112 1025 1195 permansit
1046 1111 1156 1177 offioio.
1194 1112 1229 1176 in
1246 1128 1307 1194 qno
1323 1114 1423 1177 tamen

308 1218 433 1283 beatum
454 1217 647 1296 Farnobium,
671 1235 740 1281 oum
762 1215 835 1281 talis
857 1216 907 1280 uir
929 1218 1009 1279 esset
1031 1232 1068 1279 ao
1090 1215 1205 1291 tantus,
1222 1218 1257 1280 ut
1272 1218 1303 1280 in
1319 1214 1424 1279 multis

308 1321 403 1385 etiem
423 1321 647 1405 praeseientise
668 1317 803 1401 gratiam
817 1317 996 1400 possideret,
1019 1316 1098 1383 haee
1111 1335 1182 1400 spes
1198 1318 1423 1383 substitutionis

307 1424 477 1507 eleotioqus
510 1422 659 1488 frustrata
691 1425 747 1488 ost.
786 1439 859 1486 nam
887 1438 946 1485 non
980 1420 1077 1485 multo
1106 1424 1178 1502 posi
1205 1420 1298 1503 buno,
1334 1438 1423 1503 quem

306 1526 367 1591 sibi
388 1530 554 1608 parauerat
575 1544 794 1604 successorem,
817 1524 978 1606 postmisit
1000 1524 1039 1589 ad
1062 1523 1165 1591 deum.
1408 1564 1409 1568 =
1432 1544 1453 1585 ro

347 1650 391 1715 ΙΙ.
415 1648 477 1713 Hie
497 1648 595 1732 igitur
616 1649 726 1714 beatus
748 1646 882 1713 Danihel
903 1646 1128 1731 inquirentibus
1143 1645 1242 1725 nobis,
1260 1664 1315 1711 our
1330 1646 1423 1709 inter·

307 1753 383 1817 dom
405 1748 573 1817 residentes
597 1751 631 1816 in
654 1750 769 1817 oollula
790 1752 879 1815 tants
894 1750 1055 1816 alacritato
1070 1751 1170 1816 sordis
1186 1766 1258 1815 oum
1273 1746 1422 1814 ineffabili

305 1855 438 1944 quodum
453 1856 567 1938 gaudio
583 1859 614 1918 et
629 1854 829 1919 exuberantis
844 1854 1119 1919 sacratissimorum
1132 1870 1278 1919 sensuum
1290 1852 1422 1934 replere·

304 1975 384 2037 mur,
406 1961 442 2023 ut
464 1975 532 2022 eam
553 1975 615 2022 non
638 1956 740 2024 diram
767 1974 869 2021 sermo
891 1957 1047 2040 subsequi,
1073 1956 1127 2022 sed
1150 1976 1188 2021 ne
1211 1957 1276 2039 ipse
1294 1956 1420 2039 quidem

304 2080 411 2127 sensus
434 2064 612 2144 ooourreret,
635 2060 734 2126 orstio
757 2078 877 2145 quoque
904 2080 983 2143 pura
1005 2061 1201 2126 omitteretur
1222 2079 1259 2125 so
1280 2060 1450 2143 promptus

303 2169 334 2229 et
361 2182 449 2229 mens
477 2164 569 2248 plena
596 2163 788 2246 spiritalibus
821 2163 972 2229 frnalibus
999 2182 1107 2246 preoes
1129 2182 1201 2229 suas
1223 2162 1365 2229 eflioaoes
1386 2178 1420 2225 ao

302 2268 387 2335 lones
410 2268 507 2340 otiam
520 2287 575 2352 per
590 2280 731 2354 soporem
749 2268 925 2351 supplioaus
939 2268 980 2335 ad
995 2269 1090 2337 doum
1104 2266 1266 2356 peruenire
1281 2264 1418 2341 sentiret,

302 2388 338 2437 ao
358 2390 483 2440 rursum
505 2371 602 2446 nullis
623 2371 841 2440 emsnntibus
868 2371 968 2437 oausis
998 2372 1083 2438 tanto
1106 2370 1209 2437 subito
1231 2366 1421 2451 repleremur

302 2492 418 2560 augore
440 2476 472 2544 ot
494 2474 707 2547 inrationabili
728 2474 860 2557 quadarn
884 2473 1041 2541 maestitia
1063 2490 1280 2555 promeremur,
1303 2474 1339 2535 ut
1362 2488 1418 2535 uon

301 2577 403 2652 solum
424 2579 553 2647 ‘nosmet
579 2576 661 2661 ipsos
692 2576 869 2642 huiusmodi
896 2576 1039 2643 sensibus
1067 2594 1201 2641 orosoere
1224 2574 1449 2656 semisomnus
1518 2580 1519 2665 i

301 2697 412 2751 naum
433 2680 532 2754 etiam
552 2680 694 2746 horreret
716 2680 804 2757 oolla,
827 2681 964 2747 sorderet
985 2678 1088 2757 lontio,
1104 2682 1171 2771 ipss
1186 2696 1308 2761 quoquo
1322 2678 1417 2741 insta·
1518 2668 1519 2747 l

300 2782 373 2857 bilis
392 2781 436 2849 'ao
463 2784 644 2854 nutabunda
669 2787 702 2847 et
728 2785 953 2866 quodammodo
983 2782 1067 2849 ebria
1096 2781 1291 2848 emitteretur
1314 2781 1417 2859 oratio,

299 2885 348 2960 ita
374 2889 411 2951 ut
437 2888 714 2970 ingemosooniibus
741 2890 773 2951 ot
805 2885 990 2953 oonsulibus
1024 2886 1113 2951 nobis
1146 2885 1185 2949 ad
1220 2884 1417 2954 directionem
1518 2892 1519 2939 i

299 2989 463 3073 pristinam
485 2988 625 3058 reuocari
645 3007 731 3058 meus
744 2990 852 3057 nostra
874 3007 935 3054 non
950 2989 1062 3073 posset,
1078 2991 1255 3071 quantoque
1271 2986 1417 3052 intentius

296 3092 338 3169 ud
365 3093 415 3185 dei
443 3093 640 3164 reduoeretor
661 3090 823 3175 intuitum,
852 3094 940 3159 tauto
967 3092 1179 3171 uehementius
1201 3090 1240 3157 ad
1263 3090 1448 3157 discursuum

298 3196 458 3264 iusubsses
478 3196 597 3263 lubrioo
619 3199 779 3277 raperetur
803 3213 928 3263 ouosssu
951 3196 983 3261 et
1004 3194 1051 3261 ita
1065 3195 1149 3261 omni
1165 3192 1299 3278 spiritaii
1315 3194 1416 3259 fructu

298 3299 477 3364 redderetur
504 3298 607 3374 effeta,
635 3299 673 3361 ub
697 3315 753 3362 noo
781 3296 932 3362 desiderio
965 3299 1052 3381 regni
1075 3298 1230 3362 coelorum
1253 3316 1309 3362 neo
1332 3300 1416 3361 metu

297 3399 454 3483 gehennae
475 3400 630 3483 proposito
646 3402 685 3467 sb
700 3400 757 3466 hoo
772 3400 859 3465 letali
874 3403 1007 3484 quodam
1022 3418 1129 3465 somno
1145 3400 1262 3465 ualeret
1278 3400 1415 3475 oxoitsri,

295 3503 342 3570 ita
362 3505 529 3587 respondit.
1003 3526 1006 3533 ’

299 3706 302 3713 Ι
339 3622 400 3699 111.
422 3623 591 3708 Tripertite
612 3624 699 3689 nobis
715 3642 734 3689 a
748 3622 919 3691 maioribus
941 3624 1021 3689 ratio
1044 3634 1136 3705 super
1158 3622 1215 3688 beo
1236 3640 1298 3706 qus
1313 3622 1447 3689 diuitisso

349 3911 363 3964 1
385 3908 531 3979 obtusoque
550 3912 573 3965 0
674 3910 690 3965 2
709 3911 863 3981 presbiterii
879 3912 976 3969 DWP
1002 3913 1114 3983 proruit.
1134 3911 1157 3967 0
1258 3912 1274 3966 6
1293 3912 1413 3969 dinoouos

300 3995 344 4050 W¹
449 3996 482 4057 10
498 3999 624 4064 paruerat
640 3996 681 4052 12¹
784 3998 815 4051 11
834 3997 965 4054 danielo
1060 4014 1129 4067 quur
1148 3997 1171 4053 0
1275 3996 1307 4051 12
1325 3996 1413 4051 osllola

299 4077 345 4136 W¹
445 4082 589 4136 alaoretate
607 4082 647 4161 ll·
749 4084 858 4153 qumO
960 4084 993 4139 15
1015 4087 1119 4153 promta
1141 4082 1200 4141 VO
1302 4082 1334 4138 2l
1358 4082 1412 4152 ipss

295 4167 407 4237 qnoque]
428 4167 539 4237 ipsaque
560 4168 648 4224 ΨΘΧ
751 4170 785 4225 23
807 4170 1045 4239 ingemiseontlbns
1068 4170 1125 4225 DP
1225 4168 1262 4225 Μ
1283 4169 1369 4239 possit
1383 4168 1412 4223 B

295 4252 326 4306 X
418 4253 453 4307 no
469 4268 572 4309 moeno
589 4254 630 4309 D¹
724 4255 757 4309 27
775 4256 870 4311 emoto
885 4255 1067 4313 D⁴W¹0PXl
1158 4256 1289 4312 desiderla
1305 4256 1347 4312 1)ι
1391 4254 1392 4257 ’

293 4337 328 4392 28
345 4354 448 4395 summo
464 4337 505 4393 D¹
606 4341 641 4395 30
658 4356 711 4410 qus
727 4340 846 4398 D¹O¹Xr
876 4357 955 4411 quem
972 4342 1115 4399 D¹WO²P
