3092 4967
522 444 683 500 (tentatio
705 444 828 512 XXIIII,
844 445 921 500 2-3.
1219 447 1282 514 dd?

157 635 346 720 expedirent,
370 635 431 702 nisi
453 634 676 719 inpingondam
698 634 787 700 illam
809 634 899 700 uobis
921 636 1188 717 exprobrationem
1202 655 1281 721 qnae

153 741 196 809 ad
227 740 319 806 illum
348 739 381 804 iu
410 739 572 823 euangelio
602 739 721 806 directe
749 740 800 803 est
820 738 954 804 diuitem
978 757 1170 806 uereramnr:
1192 743 1282 824 quia

156 844 347 926 recepisti
393 842 705 908 consolationem
749 845 858 908 tuam
900 841 941 906 in
976 842 1065 909 cita
1100 846 1176 908 tua.
1223 847 1280 910 sed

156 946 314 1032 despectis
336 946 401 1014 illis
416 947 559 1012 omnibus
581 947 699 1011 etcum
715 946 862 1010 uniuersa
887 945 996 1011 mundi
1011 947 1104 1010 huius
1118 947 1280 1030 uoluptate

132 1050 346 1136 secntemptis
376 1050 425 1114 bis
455 1051 580 1114 tantum
612 1049 808 1132 squaloribus
838 1049 1029 1115 delectamur
1062 1050 1280 1134 uniuersisque

157 1154 278 1220 deliciis
311 1153 497 1219 horrendam
530 1138 708 1218 'solitudinis
741 1152 834 1218 istius
862 1153 1068 1236 praeferimus
1096 1154 1280 1222 canuam

155 1277 256 1343 nequo
286 1258 358 1323 huic
380 1258 567 1323 harenarum
589 1256 792 1322 amaritudini
822 1256 1004 1340 quantaeuis
1025 1258 1130 1324 uberis
1151 1258 1280 1341 glaebae

157 1361 289 1428 diuitias
312 1378 527 1444 cometamur,
549 1378 609 1424 uon
633 1359 820 1442 temporalia
841 1358 933 1425 huius
954 1359 1090 1442 corporis
1112 1361 1209 1440 lucra,
1225 1362 1279 1427 sed

155 1468 286 1530 aeterua
329 1464 460 1546 spiritus
504 1463 714 1528 emolumenta
750 1466 916 1528 sectantes.
965 1482 1076 1546 parum
1111 1468 1159 1530 est
1196 1465 1310 1540 enim5

119 1589 147 1629 uc
156 1569 349 1636 renuntiasse
371 1565 556 1632 monachum
580 1566 686 1644 semel,
710 1567 742 1630 id
765 1571 815 1630 est
837 1567 870 1630 in
885 1565 1056 1650 primordio
1070 1567 1279 1633 conuersicnis

155 1690 231 1738 suae
260 1669 483 1754 contempsisse
512 1671 696 1752 praesentia,
723 1670 786 1735 nisi
802 1670 851 1735 eis
872 1670 986 1735 cotidie
1008 1671 1188 1738 renuntiare
1209 1691 1279 1756 per-

156 1775 286 1842 stiterit.
331 1793 428 1857 usque
465 1774 504 1838 ad
541 1773 634 1839 finem
668 1791 802 1856 namque
834 1773 926 1838 huius
960 1775 1044 1838 uitae
1076 1774 1157 1840 illud
1190 1774 1280 1840 nobis

148 1877 323 1955 dicendum
345 1884 393 1942 est
416 1896 486 1942 cnm
504 1877 671 1960 propheta:
695 1879 732 1942 et
764 1876 865 1942 diem
890 1877 1063 1943 bominis
1085 1896 1158 1944 non
1179 1879 1279 1944 desi-

156 1983 308 2066 deraui,
339 1985 380 2046 tn
409 1981 497 2046 scis.
536 1981 616 2046 nude
645 1985 678 2045 et
707 1979 852 2046 dominns
878 1982 912 2046 in
934 1982 1095 2065 euangelio
1117 1982 1152 2048 si
1174 1982 1278 2065 quis,

117 2086 268 2168 reinquit
300 2085 388 2150 uult
417 2082 506 2167 post
533 2101 589 2148 mc
620 2082 778 2157 uenire,
807 2084 980 2170 abneget
1002 2089 1129 2150 semet
1151 2086 1278 2168 ipsum

153 2194 193 2254 et
215 2187 341 2254 tollat
363 2204 519 2254 crucem
540 2204 647 2252 scam
670 2184 817 2253 cotidie
839 2192 876 2252 et
898 2192 1090 2270 sequatur
1111 2207 1178 2254 me.

197 2293 260 2357 ΙΙΙ.
285 2291 325 2357 at
355 2289 470 2356 idcirco
500 2289 540 2370 ei,
576 2291 629 2374 qui
651 2288 689 2356 de
711 2290 870 2357 interioris
892 2290 1027 2358 hominis
1049 2291 1188 2373 puritate
1210 2310 1278 2374 per·

153 2395 286 2476 uigilem
302 2393 547 2460 sollicitudiuem
564 2395 655 2478 gerit,
679 2393 851 2477 expetenda
865 2397 941 2458 sunt
955 2393 1032 2476 loca,
1048 2413 1126 2477 quae
1140 2396 1278 2460 mentem

153 2499 222 2566 eius
245 2498 332 2563 nulla
354 2498 393 2561 ad
416 2497 555 2564 culturae
579 2497 801 2562 distentionem
823 2497 977 2563 ubertatis
998 2516 1071 2562 suae
1087 2497 1279 2563 fecunditate

113 2619 143 2658 2⁰
152 2601 326 2668 sollicitent
339 2619 395 2668 nec
409 2603 446 2666 de
463 2601 596 2667 cellulae
611 2602 673 2666 lira
685 2605 779 2685 atque
791 2601 935 2666 inmobili
947 2602 1082 2676 statione
1093 2602 1278 2685 proturbent

152 2709 248 2788 atque
270 2706 309 2770 ad
325 2704 451 2788 aliquod
466 2703 628 2770 subdicalc
643 2721 720 2788 opus
734 2705 858 2789 prodire
873 2705 1061 2788 conpellant,
1083 2709 1114 2771 et
1129 2706 1176 2771 ita
1189 2706 1279 2771 uolut

152 2813 188 2876 in
211 2810 352 2893 apertum
377 2808 483 2874 effusis
513 2808 756 2892 cogitationibus
786 2828 910 2876 omnem
938 2808 1054 2875 mentis
1076 2809 1278 2874 directionem

152 2932 191 2980 ac
213 2912 454 2976 subtilissimum
477 2916 559 2978 certe
579 2911 665 2978 illius
688 2912 906 2978 destinationis
922 2912 1072 2978 intuitum
1087 2931 1141 2995 per
1156 2912 1279 2978 dinemo

153 3017 324 3099 dispergat.
348 3033 426 3097 quae
448 3033 466 3078 a
488 3015 611 3082 nemine
630 3033 754 3100 prorsus
769 3016 912 3098 quamuis
927 3016 1063 3081 sollicito
1079 3034 1116 3080 ac
1131 3014 1307 3100 uigilanti2

112 3119 206 3184 muel
228 3117 329 3183 caueri
354 3117 501 3198 poterunt
522 3118 573 3182 uel
596 3117 706 3196 uideri,
728 3118 790 3185 nisi
812 3119 867 3202 qui
889 3135 998 3200 corpus
1019 3120 1114 3200 atque
1136 3118 1277 3182 animum

152 3241 245 3286 suum
276 3221 390 3304 iugiter
419 3223 501 3286 intra
532 3221 688 3303 parietum
718 3227 827 3303 saepta
857 3222 1053 3300 concluserit,
1080 3222 1116 3285 ut
1138 3222 1185 3285 ita
1207 3220 1277 3303 quis

150 3323 244 3388 uelut
265 3323 400 3406 piscator
422 3323 564 3407 egregius
587 3323 707 3388 uictum
731 3325 792 3388 sibi
815 3325 983 3407 apostoliea
1000 3325 1067 3388 arte
1085 3323 1276 3407 prospiciens

150 3427 185 3493 in
216 3427 476 3511 tranquillissimo
506 3429 606 3493 cordis
636 3427 685 3492 sui
714 3428 865 3510 profundo
895 3430 1022 3510 agmina
1051 3429 1275 3510 cogitationum

254 3615 271 3668 2
290 3615 352 3668 Luc.
373 3617 413 3680 16,
431 3615 466 3669 25
569 3617 602 3668 13
620 3613 737 3670 Hlarcur.
757 3617 797 3682 17,
818 3616 850 3670 16
954 3615 987 3670 14
1005 3615 1066 3668 Luc.
1085 3614 1110 3678 9,
1128 3613 1162 3667 23

205 3788 219 3840 1
247 3785 324 3840 uobis
351 3783 427 3838 illam
457 3783 529 3839 OKo
631 3785 649 3838 4
675 3785 801 3854 dispectis
828 3785 861 3840 Κ
960 3785 1040 3840 huius
1066 3785 1160 3840 mundi
1185 3786 1208 3842 O

151 3873 326 3926 tarenorum
347 3871 426 3925 BFO
517 3871 611 3940 glebae
629 3871 705 3927 codd.
796 3875 1003 3943 Sccnparemus
1022 3873 1059 3928 Βι
1152 3873 1185 3928 10
1202 3873 1275 3941 priu-

148 3957 265 4028 cipicO
358 3956 568 4012 conuersationis
587 3957 627 4012 Κι
724 3959 754 4013 11
775 3959 895 4028 quotidie
915 3961 938 4014 0
962 3959 1075 4014 cottidie
1092 3958 1125 4013 K
1217 3975 1275 4026 per·

150 4044 270 4099 stisterit
287 4043 315 4097 B
344 4043 535 4112 prestiteritO
563 4045 716 4112 persteterit
734 4045 775 4098 K¹
871 4046 904 4101 13
921 4045 1025 4114 profeta
1041 4045 1072 4098 F
1164 4045 1275 4114 delraui

149 4131 178 4184 B
276 4131 308 4184 15
326 4129 419 4198 inquid
438 4130 499 4183 uult
515 4129 609 4186 BFO:
640 4130 700 4185 uult
717 4131 809 4200 inquit
827 4131 933 4200 (inquid
953 4131 1004 4196 Kl)
1023 4131 1073 4186 Kc
1169 4133 1201 4184 16
1219 4135 1275 4186 cot·

149 4215 219 4270 tidie
237 4213 280 4270 K:
308 4217 401 4272 orn-O
490 4214 524 4270 20
542 4216 627 4285 adque
644 4218 683 4272 Β1
776 4215 807 4270 21
827 4217 913 4286 adque
930 4217 963 4270 ad
980 4217 1051 4278 ΒΤ
1137 4217 1172 4270 23
1189 4215 1274 4270 subti-

149 4301 285 4355 lissimum
303 4301 367 4355 llo:
397 4300 619 4356 sublimissImum
637 4303 718 4359 ΒΕΘ
803 4301 988 4358 distinatIonis
1007 4301 1048 4356 Κι
1136 4303 1170 4357 25
1187 4304 1274 4372 adque

148 4388 189 4442 B'
293 4387 326 4442 26
344 4389 418 4457 septe
434 4387 474 4442 Βι
501 4393 576 4456 septe
594 4389 654 4444 rell.
757 4389 793 4443 28
810 4389 1029 4458 tranquillissimi
1046 4387 1095 4443 Kc
