3092 4967
530 446 693 505 Conlatio
714 450 762 518 VI,
780 450 875 506 9-10.
1207 456 1269 523 163

139 637 172 703 in
205 637 287 705 libro
320 636 465 705 Indicum
497 638 592 709 imese
624 628 834 720 describitur,
854 642 933 725 oui.
954 646 1121 726 utraque
1156 662 1269 711 mann

138 741 328 807 utebatur
356 759 423 826 pro
449 744 620 809 dextera
658 761 754 826 quam
775 745 928 813 uirtutem
951 748 996 815 ita
1017 747 1188 830 poterimus
1210 766 1267 815 nos

139 863 261 929 quoque
294 844 553 913 intellectualiter
586 846 752 929 possidere,
787 848 816 913 si
844 865 881 913 ea
910 868 989 935 quac
1015 867 1161 933 prospera
1194 853 1270 917 sunt

137 949 308 1032 dextraque
345 949 512 1015 censentur
545 955 578 1017 et
611 966 648 1015 ea
680 969 759 1035 quac
796 954 926 1021 aduersa
961 957 1037 1019 sunt
1070 972 1106 1019 ac
1141 954 1271 1021 sinistra

116 1054 287 1119 edicuntur
320 1051 402 1119 bono
430 1057 575 1137 rectoque
602 1073 661 1120 usu
690 1055 732 1121 ad
759 1058 883 1138 partem
911 1054 1077 1131 fecerimus
1107 1058 1268 1125 dexteram

137 1160 306 1241 portinere,
329 1160 366 1221 ut
387 1174 600 1241 quaecumque
622 1157 740 1223 fuerim
761 1158 864 1225 inlata
885 1158 964 1225 flant
986 1159 1075 1229 nobis
1097 1164 1268 1227 monrium

136 1260 316 1343 apostolum
337 1277 445 1325 arma
467 1258 663 1325 iustitiae.
699 1259 822 1327 duabus
850 1279 986 1345 namque
1011 1264 1154 1347 partibus
1177 1268 1210 1333 st
1232 1268 1269 1331 ut

135 1366 182 1431 ita
210 1363 346 1431 dixerim
373 1360 521 1430 manibus
541 1361 726 1432 interiorem
748 1363 909 1431 hominem
931 1368 1075 1433 nostrum
1098 1367 1269 1435 subsistere

136 1468 349 1552 pernidemus,
372 1484 429 1531 uec
450 1465 618 1548 quiequam
640 1466 821 1533 sauctorum
836 1484 942 1535 carere
956 1468 1015 1535 bac
1031 1468 1160 1537 sinistre
1173 1488 1268 1555 quam

105 1570 275 1637 edicimus
296 1569 415 1654 potest:
432 1567 486 1635 sed
500 1569 534 1633 in
548 1568 607 1634 hoc
621 1567 722 1634 uirtus
736 1569 879 1653 perlecta
894 1571 1089 1656 discernitur,
1104 1575 1133 1641 si
1147 1578 1269 1641 utram·

136 1695 195 1759 que
224 1674 262 1739 in
288 1676 447 1742 dexteram
473 1676 553 1743 bene
586 1677 703 1742 utendo
730 1677 903 1741 concertat.
942 1677 976 1742 et
1005 1682 1042 1744 ut
1072 1673 1301 1745 manifestius2

136 1779 193 1845 hoc
218 1779 303 1862 quod
326 1778 463 1845 dicimus
484 1780 582 1863 possit
603 1779 756 1864 intellegi,
780 1778 877 1846 habet
891 1778 941 1846 uir
956 1784 1084 1851 sanctus
1099 1784 1267 1862 dexteram,

136 1900 301 1949 successus
332 1882 481 1949 uidelicet
513 1882 681 1966 spiritales,
719 1884 752 1948 iu
782 1900 844 1965 quc
872 1886 947 1949 tunc
977 1884 1123 1953 consistit
1147 1887 1270 1970 quando

136 1986 262 2053 feruens
278 1986 393 2069 spiritu
408 1986 573 2053 desideriis
588 1986 620 2052 et
635 1986 898 2069 concupiscentiis
921 1988 1065 2055 omnibus
1079 1989 1269 2070 dominatur,

106 2089 263 2173 nouando
291 2089 331 2155 ab
360 2089 446 2156 omni
473 2089 630 2157 diabolica
656 2089 884 2176 inpugnatione
913 2109 1040 2159 securus
1063 2092 1181 2176 absque
1204 2094 1270 2161 ullo

135 2194 245 2260 labore
267 2211 305 2259 ac
325 2192 510 2261 difficultate
530 2193 611 2261 uitia
633 2195 735 2261 carnis
757 2192 810 2260 uel
832 2196 955 2279 respuit
970 2198 1022 2263 nel
1037 2196 1180 2274 abscidit,
1198 2216 1270 2265 oum

136 2297 329 2363 sublimatus
357 2315 378 2363 a
408 2298 493 2363 terro
522 2298 671 2364 uniuersa
696 2296 875 2380 praesentia
902 2299 996 2381 etque
1027 2300 1152 2367 terrena
1182 2301 1271 2368 uelut

136 2399 266 2467 manem
293 2399 418 2467 fumum
443 2400 651 2484 umbramque
673 2419 806 2467 uacuam
834 2400 1065 2485 contemplatur
1086 2406 1119 2469 st
1140 2406 1177 2469 ut
1199 2422 1271 2469 mox

135 2504 315 2571 transitura
342 2504 525 2581 contemnit,
552 2522 625 2569 cum
654 2504 762 2571 lotura
787 2520 842 2587 por
873 2520 1035 2573 excessum
1065 2505 1181 2572 montis
1209 2524 1270 2573 non

105 2608 242 2673 aeolum
263 2607 484 2673 ardentissime
497 2608 701 2691 concupiscit,
727 2625 839 2674 uerum
861 2608 957 2677 etiam
979 2608 1095 2677 clarius
1118 2611 1269 2687 intuetur,

138 2731 211 2777 urm
245 2709 403 2777 efficacius
435 2712 633 2795 spiritalibus
671 2711 812 2796 pascitur
848 2712 987 2790 theoriis,
1026 2731 1098 2779 cum
1134 2713 1271 2780 lucidius

135 2818 276 2881 reserata
307 2814 369 2881 eibi
402 2815 556 2899 conspicit
587 2815 736 2881 caelestia
770 2820 976 2901 sacramenta,
1012 2833 1085 2883 com
1118 2818 1271 2883 orationes

136 2919 248 3000 purius
272 2922 366 3002 atoue
388 2920 521 2985 alacrius
542 2919 664 2986 omittit
685 2920 725 2987 ad
747 2921 851 3004 deum,
868 2937 940 2987 cum
954 2920 1002 2987 ita
1017 2921 1145 3006 spiritus
1161 2922 1270 2988 ardore

136 3038 306 3089 succensus
326 3024 366 3089 ad
388 3041 427 3089 ea
447 3042 527 3108 quoe
547 3023 724 3090 inuisibilia
751 3025 827 3090 eunt
856 3025 888 3089 et
917 3028 1045 3091 aeterra
1073 3025 1142 3091 tote
1170 3026 1271 3091 animi

106 3125 304 3191 aalacritate
325 3126 541 3211 transmigrat,
571 3127 608 3193 ut
628 3144 826 3210 nequaquam
848 3145 882 3191 sc
904 3128 969 3193 iarn
993 3126 1100 3195 credet
1121 3129 1155 3193 in
1177 3145 1271 3193 carne

138 3228 322 3296 consistere.
359 3229 454 3295 babet
480 3229 629 3296 similiter
655 3232 689 3296 et
716 3231 885 3310 sinistram,
919 3248 990 3295 cum
1024 3230 1300 3313 temptationum3

137 3330 321 3399 tmbinibus
348 3332 526 3418 inplicatur,
558 3352 629 3399 cum
657 3333 698 3398 ad
726 3332 879 3400 desideria
906 3334 1009 3401 carnis
1039 3334 1270 3399 incontiuorum

139 3434 281 3501 aestibus
292 3434 517 3522 inflammatur,
527 3455 598 3502 cum
610 3436 649 3501 ad
660 3436 837 3503 iracundiae
849 3436 984 3502 furorem
996 3435 1271 3519 perturbationum

138 3536 212 3621 igne
226 3538 438 3623 succenditur,
450 3558 522 3606 cum
533 3539 696 3623 superbiae
708 3558 764 3606 scu
776 3542 958 3606 cenodoxiae
970 3540 1105 3606 clatione
1115 3540 1269 3625 pulsatur,

244 3759 434 3825 11uua15
536 3760 600 3815 ιιι
619 3759 679 3817 cor.
698 3760 757 3828 er

192 3969 205 4019 1
225 3966 385 4021 caenosus
400 3966 508 4023 nureo
536 3967 699 4022 arneson
720 3969 768 4025 cr¹
875 3968 1033 4024 acernen
1054 3948 1081 4024 i
1180 3970 1273 4025 uersa

145 4051 226 4107 W¹x
311 4050 546 4123 4dextersqneO
631 4054 697 4108 'lut
714 4070 765 4108 om.
787 4054 823 4108 V¹
909 4055 975 4109 dac
997 4056 1036 4109 W
1118 4056 1152 4113 10
1169 4060 1271 4111 utram-
1290 4044 1305 4067 '

140 4152 192 4206 que
217 4141 322 4208 partem
348 4138 415 4193 benc
441 4139 542 4195 utendo
565 4143 706 4195 concertat
730 4141 759 4193 in
782 4140 919 4195 dexteram
945 4142 985 4199 W
1086 4142 1120 4196 12
1145 4141 1273 4211 intellege

141 4223 183 4277 11ι
278 4223 312 4279 13
328 4226 428 4294 qch
525 4227 657 4282 consistet
678 4225 748 4282 WX
844 4226 877 4281 17
897 4226 983 4295 adque
1007 4227 1055 4283 Vo
1151 4229 1183 4283 19
1202 4228 1271 4297 cum]

142 4308 215 4364 tD‘
310 4319 453 4379 porcessa
471 4313 502 4367 D
603 4314 637 4367 al
655 4312 789 4367 efficatius
806 4312 884 4369 codd.
988 4314 1023 4367 22
1040 4319 1205 4369 sacramenta
1222 4319 1273 4369 oet

143 4409 213 4448 aar.
230 4398 281 4449 oret
298 4396 523 4453 umbraminis
622 4397 657 4452 23
674 4400 748 4466 price
766 4398 806 4452 D¹
909 4399 944 4454 28
962 4398 1079 4454 furorem
1101 4398 1136 4454 V¹

1119 4504 1172 4557 11*
