3092 4967
678 483 862 539 Praelatio.
1309 489 1330 552 5

205 675 421 739 conlationem
449 692 544 757 quam
570 678 764 759 superiorum
792 674 986 741 uoluminum
1008 675 1238 757 praemonitum
1263 692 1329 740 esse

202 776 366 856 lectorem,
400 780 435 842 ut
463 779 487 843 si
518 796 579 860 qua
607 778 686 844 forte
714 778 746 841 in
775 777 824 841 his
847 796 902 859 pro
925 780 1026 842 status
1055 778 1103 842 sui
1127 781 1158 842 et
1181 778 1329 860 propositi

203 879 360 960 qualitate
382 881 447 945 siue
470 898 524 965 pro
547 899 605 945 usu
628 882 660 945 et
683 880 916 946 conuersatione
942 880 1100 945 communi
1122 880 1173 945 uel
1195 880 1329 962 inpossi-

202 981 287 1047 bilia
308 984 468 1065 putauerit
490 1002 553 1049 esse
576 984 625 1048 uel
650 985 738 1067 dura,
765 1003 825 1049 non
842 1002 878 1049 ea
895 984 1066 1048 secundum
1081 1004 1154 1049 suae
1169 984 1329 1049 facultatis

175 1086 378 1164 modulum,
394 1087 447 1152 sed
463 1086 633 1153 secundum
649 1086 837 1169 dignitatem
852 1091 884 1151 et
898 1088 1119 1168 perfectionem
1134 1086 1329 1169 loquentium

203 1190 366 1267 metiatur,
389 1208 521 1274 quorum
543 1190 629 1272 prius
651 1189 792 1255 studium
807 1190 900 1272 atquo
922 1190 1113 1272 propositum
1129 1192 1233 1254 mente
1256 1208 1330 1255 con·

204 1293 312 1374 cipiet,
343 1312 402 1376 quo
430 1312 501 1357 uero
529 1292 644 1357 mortui
673 1293 744 1357 huic
772 1293 998 1357 conuersatioui
1026 1293 1200 1357 mundanae
1234 1293 1329 1358 nullis

204 1396 369 1462 affectibus
405 1398 570 1479 parentum
606 1396 787 1474 carnalium,
825 1396 921 1460 nullis
957 1399 1084 1461 actuum
1121 1396 1329 1460 saecularium

207 1498 339 1564 nexibus
362 1501 550 1582 obligantur.
587 1500 697 1565 deinde
724 1501 861 1563 locorum
883 1517 1004 1581 quoque
1019 1498 1051 1563 in
1067 1499 1178 1580 quibus
1194 1497 1357 1563 commo-i

162 1605 317 1669 rorantur
350 1602 522 1669 consideret
556 1602 753 1685 qualitatem,
789 1620 850 1684 qua
881 1600 915 1666 in
951 1600 1119 1666 solitudine
1152 1602 1330 1667 uastissima

208 1708 373 1771 constituti
396 1709 490 1789 atque
512 1706 550 1771 ab
574 1706 791 1771 uniuersorum
813 1707 995 1771 mortalium
1016 1704 1171 1771 consortio
1194 1706 1329 1787 separati

207 1810 240 1873 et
264 1828 318 1891 per
339 1808 397 1874 hoc
412 1808 687 1875 inluminationem
709 1827 857 1887 sensuum
872 1809 1065 1889 possidentes
1080 1807 1330 1889 contemplantur

206 1911 259 1975 uel
296 1913 520 1995 proloquuntur
556 1930 600 1997 ea,
640 1930 717 1994 quae
750 1912 920 1993 inerpertis
954 1914 1046 1994 atque
1079 1911 1242 1976 ineruditis
1275 1928 1329 1993 pro

206 2014 386 2081 condicione
423 2021 453 2080 et
491 2016 705 2081 mediocritate
749 2016 978 2080 consuetudinis
1021 2034 1095 2080 suec
1137 2014 1331 2096 inpossibilia

165 2141 196 2181 rs
206 2118 338 2183 forsitan
367 2118 566 2184 uidebuntur.
606 2120 777 2200 dequibus
803 2119 909 2183 tamen
931 2118 958 2182 si
981 2118 1051 2201 quis
1066 2118 1200 2183 uoluerit
1222 2135 1329 2182 ueram

205 2222 345 2305 proferre
369 2223 556 2287 sententiam
579 2225 610 2287 et
623 2223 730 2287 utrum
745 2220 870 2305 impleri
886 2226 1002 2303 queant
1017 2222 1173 2286 desiderat
1187 2219 1328 2303 experiri,

206 2324 336 2389 festinet
360 2323 444 2407 prius
467 2343 571 2391 eorum
594 2327 788 2408 propositum
810 2325 910 2389 simili
932 2326 1034 2390 studio
1049 2328 1081 2389 et
1097 2324 1329 2389 conuersatione

205 2428 372 2509 suscipere,
402 2430 433 2493 et
454 2430 529 2493 tuno
552 2427 678 2493 demum
701 2446 746 2508 ea,
775 2446 853 2511 quae
876 2446 970 2509 supra
992 2428 1172 2513 facultatem
1195 2430 1328 2494 hominis

204 2530 405 2615 uidebantur,
440 2550 499 2597 non
534 2534 632 2598 solum
667 2533 839 2617 possibilia,
873 2551 981 2598 uerum
1015 2531 1111 2596 etiam
1144 2532 1329 2598 suauissima

164 2634 424 2717 „deprehendes
463 2636 516 2701 sed
539 2654 622 2701 nuno
644 2636 708 2701 iam
730 2638 768 2703 ad
788 2636 977 2702 conlationes
1000 2652 1107 2700 eorum
1129 2638 1161 2701 et
1184 2637 1329 2701 instituta

204 2756 413 2820 properemus.

258 3025 448 3095 disposibilia
465 3026 494 3079 D
587 3028 758 3082 amodolnm
776 3028 807 3081 D
903 3027 986 3081 lhoc
1004 3028 1202 3082 conuersatione
1219 3028 1259 3082 D'

205 3112 223 3163 8
242 3110 428 3165 allectionibus
446 3111 477 3165 X
494 3115 524 3176 (a
541 3128 615 3166 maa.
633 3116 663 3179 2)
682 3130 697 3165 r
795 3114 811 3167 9
829 3112 983 3182 obligentur
1000 3112 1042 3168 D²
1148 3115 1179 3167 10
1197 3130 1250 3182 qua
1267 3113 1328 3168 Dc:

205 3195 254 3263 qni
274 3196 294 3259 (i
312 3197 343 3249 ic
360 3202 426 3261 ras.)
445 3197 477 3251 X
504 3197 601 3266 qniar
680 3199 712 3252 14
730 3198 881 3252 conditione
898 3197 965 3251 DX
1041 3198 1201 3267 reimplere
1218 3199 1260 3252 D¹

205 3280 241 3334 20
259 3280 433 3351 deprehendit
451 3282 482 3335 X
582 3284 614 3338 21
634 3298 809 3353 properemus.
828 3282 920 3353 (laprtl
937 3283 969 3339 de
986 3284 1093 3337 abbatis
1110 3286 1195 3352 moysi
1212 3282 1328 3339 ilatione

204 3367 293 3433 prima
304 3366 334 3421 D
374 3367 491 3435 Explicit
502 3368 622 3436 prelaoio.
641 3368 782 3437 Incipiunt
793 3368 911 3437 capitula
923 3369 1002 3423 conit
1013 3369 1120 3423 abbatis
1132 3369 1218 3439 moysi
1230 3369 1262 3422 X
