3092 4967
306 424 370 490 392
698 420 866 477 Iohannis
882 422 1039 479 Cassiani

309 612 575 676 dimittuntur
611 610 686 678 tibi
723 616 906 694 peooeta,
943 615 1013 677 ant
1048 612 1197 679 dioere:
1240 633 1358 699 surge
1392 618 1430 679 et

308 714 485 781 ambulet
528 714 572 779 ut
605 714 747 779 soietis
791 716 922 780 eutem
965 714 1058 797 quia
1101 716 1217 781 iilius
1258 717 1429 782 hominia

307 820 549 903 potestatem
594 818 712 883 habet
748 817 789 883 in
826 819 932 883 terre
975 818 1212 885 dimittendi
1248 824 1429 903 peooata,

307 924 404 987 tuno
435 922 495 987 eit
527 920 765 1004 paralytico:
796 938 924 1004 surge,
955 922 1055 986 tolle
1081 924 1230 989 loetum
1253 930 1364 991 tunm
1393 927 1431 989 et

275 1026 403 1092 4nede
425 1025 463 1091 iu
487 1027 636 1091 domum
660 1030 773 1089 tuem.
811 1024 959 1090 similiter
980 1025 1076 1091 etiam
1099 1027 1132 1091 iu
1147 1027 1214 1103 illo,
1231 1031 1283 1111 qui
1299 1029 1460 1112 trigintae

307 1134 339 1194 ot
361 1128 429 1194 ooto
452 1145 548 1194 annos
570 1130 657 1193 iuxta
687 1127 861 1193 natatoriae
890 1129 1080 1211 crepidinem
1104 1130 1222 1197 frustra
1242 1133 1429 1197 doonmbena

307 1233 344 1297 de
377 1250 474 1315 equae
507 1231 593 1296 illiue
622 1230 710 1295 motu
741 1236 921 1312 sperauerat
953 1232 1148 1314 medicinam,
1185 1233 1429 1300 munificentiam

306 1335 466 1401 ultroneae
489 1334 646 1419 largitatis
668 1332 817 1399 ostendit.
856 1352 931 1398 uam
953 1352 1021 1400 oum
1046 1336 1153 1401 notens
1176 1356 1246 1401 eum
1262 1338 1303 1403 ad
1317 1336 1427 1401 miuus

306 1437 441 1505 remedie
474 1454 639 1521 pronooare
672 1437 803 1501 dixisset
830 1437 879 1502 ei:
908 1436 972 1501 uis
1002 1456 1126 1504 sanna
1155 1440 1270 1505 fierit
1299 1458 1428 1521 eamque

305 1541 362 1607 ille
384 1541 422 1606 de
444 1540 573 1607 humaui
594 1540 741 1606 adiutorii
763 1541 868 1623 inopie
890 1543 1070 1623 oneraretur
1093 1562 1130 1608 ao
1152 1543 1287 1609 diceret:
1309 1543 1459 1611 homi-10

306 1664 389 1710 uem
420 1662 492 1709 nou
523 1642 645 1708 habeo
668 1644 712 1708 nt
733 1662 817 1709 eum
840 1642 1001 1709 turbate
1023 1644 1148 1711 inerit
1169 1665 1271 1729 eque
1291 1648 1428 1711 mittat

306 1766 362 1812 me
392 1748 430 1811 in
459 1747 667 1830 pieoinnm‚
698 1746 914 1812 ineredulitati
945 1748 1013 1812 eins
1036 1752 1068 1812 et
1090 1750 1283 1833 ignorantiae
1305 1752 1427 1815 neuim

306 1849 445 1915 tribuens
473 1850 625 1931 pristinae
655 1868 725 1913 enm
757 1849 887 1914 sanitati
917 1866 978 1913 uon
1005 1850 1062 1915 illa
1083 1870 1145 1933 qua
1165 1856 1346 1933 sperauerat
1367 1853 1426 1927 uie,

307 1956 358 2018 sed
389 1970 450 2034 qua
479 1951 579 2015 uoluit
602 1951 744 2017 domiuus
767 1951 966 2017 miseratione
993 1952 1133 2017 restituit
1154 1954 1273 2018 diosus:
1295 1973 1426 2037 surge,

275 2054 406 2123 stolio
428 2055 574 2120 lectum
598 2055 707 2119 tunm
735 2055 773 2120 et
794 2058 893 2120 uado
913 2056 951 2120 iu
973 2056 1125 2121 domum
1148 2060 1265 2123 inam.
1298 2058 1331 2122 et
1353 2056 1457 2139 quida

306 2158 422 2223 mirum
444 2158 473 2222 si
494 2158 569 2224 heeo
591 2156 708 2222 domini
731 2160 888 2239 potestate
907 2162 1000 2240 gesta
1019 2162 1191 2242 narremur,
1218 2177 1291 2225 mem
1313 2160 1426 2227 similia

307 2261 402 2327 etiam
432 2278 487 2343 per
516 2277 621 2326 seruos
650 2277 722 2326 suos
745 2261 854 2325 diuina
876 2260 978 2345 gretie
1001 2260 1099 2326 inerit
1120 2261 1269 2344 operata?
1289 2261 1424 2344 ingredi·

306 2366 430 2430 entibus
460 2382 594 2448 namque
622 2364 777 2446 templum
799 2364 892 2429 Petro
914 2368 947 2428 et
969 2364 1106 2429 Iohanne
1126 2384 1200 2431 enm
1221 2366 1276 2431 ille
1298 2366 1424 2432 alaudae

306 2486 343 2534 er
371 2473 459 2534 utero
489 2468 609 2544 metrie,
632 2468 685 2550 qni
706 2485 851 2551 pessum
873 2468 999 2548 penitus
1021 2467 1196 2549 ignorabat,
1219 2470 1425 2553 elemosynam

306 2572 487 2655 postularet,
523 2571 571 2637 illi
601 2589 661 2636 uon
691 2570 770 2635 uilia
798 2587 872 2635 aera
901 2589 981 2653 quae
1009 2572 1154 2653 poscebat
1187 2572 1341 2654 infirmus,
1374 2572 1455 2639 sede

306 2690 430 2758 gressus
467 2673 571 2739 oiiioia
607 2673 785 2755 largiuntur
818 2678 849 2737 et
885 2674 1091 2754 paruiseimae
1124 2674 1215 2758 stipis
1251 2677 1424 2759 sperantem

307 2777 422 2841 nolaoia
443 2776 617 2859 insperatae
639 2776 758 2841 salutis
778 2775 926 2857 praemiis
955 2774 1147 2858 loeupletant
1173 2777 1297 2843 dicante
1319 2779 1424 2844 Petro:

306 2883 514 2961 argentum
551 2882 591 2943 st
627 2896 764 2943 aurum
808 2896 882 2944 non
918 2880 979 2943 eet
1013 2878 1125 2945 mihi:
1163 2881 1264 2962 qnod
1299 2883 1424 2945 autern

306 2980 449 3065 nabeo,
479 2980 551 3047 hoe
580 2981 657 3048 tibi
688 2982 746 3048 doz
770 2983 991 3048 innomine
1016 2983 1106 3049 lesu
1127 2982 1283 3050 Ohriati
1305 2984 1423 3050 Nera·

306 3088 390 3150 reni
412 3102 527 3169 surge
548 3088 587 3150 et
609 3085 775 3151 ambula
1430 3114 1454 3157 ι

348 3187 451 3253 XVII.
466 3190 525 3257 Per
540 3188 614 3254 haee
628 3192 725 3271 igitur
739 3188 880 3271 exempla
895 3207 972 3271 quae
985 3191 1024 3255 eie
1038 3189 1225 3273 euangelicis
1237 3189 1423 3271 protulimus

306 3293 514 3359 monumentis
538 3291 769 3357 euidentissime
802 3291 971 3375 poterimus
997 3292 1161 3356 aduertere
1182 3291 1315 3358 diuersis
1334 3294 1422 3373 etque

406 3472 441 3526 26
459 3470 510 3525 Por
527 3470 592 3525 haee
603 3507 696 3524 ......
706 3486 731 3541 p.
744 3470 804 3538 393,
818 3472 850 3525 13
868 3470 1004 3538 refugium
1021 3468 1188 3541 nominatur}
1207 3470 1299 3540 Proap.
1319 3469 1356 3531 18.
1376 3468 1388 3521 1

408 3686 576 3754 oroneo
669 3686 814 3742 rores
907 3686 1052 3741 meae
1137 3684 1326 3755 euroeae

358 3844 372 3896 1
391 3841 568 3896 remittuntur
585 3839 666 3897 nov
763 3842 780 3896 3
798 3840 959 3897 demittendi
975 3842 1015 3893 ΠΙ
1113 3842 1130 3896 4
1148 3841 1290 3910 paralitico
1306 3838 1357 3892 ῬΟ

306 3930 430 3997 turgeat
446 3928 523 3982 Hi'o
612 3926 847 3999 tatiam1entern
864 3928 914 3985 Ho
1005 3929 1126 3982 tanaus
1142 3927 1183 3979 11¹
1271 3924 1419 3996 cipidinm

305 4013 336 4067 11
428 4012 584 4068 tmoooare
603 4012 629 4066 0
722 4014 942 4084 requestarum
958 4014 1021 4067 ΣΠ
1116 4014 1149 4067 16
1166 4016 1305 4067 narrentur
1320 4012 1354 4063 Σ·
1516 4066 1517 4071 ,

307 4100 339 4154 Π
357 4100 445 4154 inerat
461 4099 501 4150 Πι
604 4100 637 4154 19
654 4102 683 4153 st
699 4113 731 4153 en
748 4102 775 4152 Ψ
872 4100 1045 4154 elemosinam
1065 4100 1093 4152 Σ
1118 4098 1303 4154 aelimosinarn
1319 4095 1347 4147 ii
1371 4093 1419 4148 ela·

306 4187 409 4241 mesina
427 4183 452 4238 0
554 4184 589 4238 20
604 4200 677 4238 aerea
692 4185 723 4236 Π
824 4184 855 4239 21
873 4186 1033 4254 patoieeima
1049 4184 1105 4238 ῬΟ
1199 4182 1292 4253 stipis]
1310 4182 1342 4235 nt
1356 4180 1419 4247 ipsis

306 4274 333 4325 Φ
418 4271 455 4326 22
471 4271 571 4325 solatia
587 4270 617 4321 Π
701 4270 850 4340 inspiratae
866 4272 895 4323 Σ
986 4272 1020 4326 24
1037 4271 1086 4326 dni
1103 4270 1152 4325 ihu
1169 4270 1195 4323 0
1283 4262 1419 4324 281ssss

307 4357 333 4411 Ο
434 4356 468 4413 27
486 4355 657 4411 monimentis
678 4354 745 4411 ΥΟ·
