3092 4967
313 403 357 469 50
697 395 862 451 Iohannis
879 394 1039 451 Gessieni

307 590 391 653 entie
419 586 623 669 redarguente
642 586 845 670 perterritus,
873 584 965 650 uelut
992 583 1047 668 qui
1073 586 1229 649 crederem
1251 583 1290 647 ob
1312 582 1371 647 hoc
1394 601 1433 647 ee

306 690 403 757 luisse
417 690 547 775 prolatu
564 688 646 772 qued
661 689 728 755 seni
740 688 888 755 wdominus
903 694 1021 753 secrete
1035 687 1097 752 mei
1109 686 1241 768 pectoris
1251 688 1431 765 recoluisset,

304 794 338 858 in
367 792 502 859 occultos
528 793 666 877 mimum
694 792 831 876 gemitus
858 792 1022 870 excitetus,
1051 790 1123 856 dein
1149 789 1251 854 cordis
1271 788 1334 853 mei
1356 807 1430 854 oon·

304 898 470 979 punctione
486 898 641 961 crescente
656 896 689 960 in
704 897 829 978 epertos
840 894 998 977 singultus
1009 894 1216 975 leerimesqne
1228 909 1431 973 prorumpens

303 1000 523 1086 panemutium,
553 998 635 1083 quod
663 998 888 1065 cousuetudine
908 998 1026 1063 uitiosa
1052 996 1267 1061 subtrexerem
1289 995 1465 1060 oleucules

304 1102 535 1189 comedendum,
558 1103 596 1168 de
617 1102 689 1169 sinu
712 1102 790 1167 lirrti
812 1102 874 1167 mei
897 1101 1020 1166 conscio
1038 1118 1074 1165 ec
1097 1098 1273 1182 susceptore
1287 1098 1428 1181 produxi,

302 1224 436 1289 eumque
457 1208 489 1271 in
513 1205 651 1272 medium
673 1206 843 1287 proterens,
872 1203 1132 1286 quemadmodum
1158 1201 1271 1269 cotidie
1292 1202 1430 1269 leteuter

303 1312 432 1389 ederem,
454 1310 628 1391 prostratus
641 1309 675 1374 iu
689 1310 806 1374 terrum
822 1326 894 1373 cum
915 1307 1026 1372 uenies
1047 1307 1258 1388 postulatione
1271 1304 1430 1372 coufessus

302 1428 382 1489 sum,
404 1416 437 1478 et
455 1412 594 1478 ubertim
616 1410 751 1494 profusis
776 1410 917 1476 lecumis
938 1414 975 1474 ut
997 1409 1228 1475 absolutionem
1250 1408 1429 1475 dirissimus

271 1516 499 1599 dceptiuitetis
521 1535 541 1581 e
560 1514 687 1580 domiuo
708 1519 872 1599 poscerent
886 1513 1050 1597 inploreui.
1085 1515 1154 1579 tum
1169 1530 1281 1577 senen:
1297 1512 1427 1589 confide,
1439 1536 1465 1573 ro
1533 1568 1536 1587 ,

302 1620 357 1694 eit,
378 1636 397 1683 o
420 1636 506 1701 puer.
544 1616 681 1685 absoluit
702 1619 734 1682 ts
755 1620 796 1684 ob
817 1617 877 1682 luec
905 1617 1089 1699 ceptiuitete
1111 1618 1208 1683 etiem
1230 1636 1281 1681 me
1302 1617 1429 1683 tecente

301 1720 452 1787 confessio
488 1721 553 1787 tus.
594 1720 748 1787 uictorem
784 1738 920 1801 nemque
954 1719 1169 1785 eduereerium
1208 1722 1299 1787 tuum
1336 1720 1428 1785 hodie

302 1823 513 1906 triumphusti,
542 1822 676 1890 uelidius
705 1842 779 1889 eum
806 1827 862 1889 tue
889 1823 1079 1889 confessione
1108 1828 1307 1907 prosternens
1333 1840 1430 1905 quem

301 1928 367 2011 ipse
400 1928 504 1993 meres
536 1926 574 1993 eb
608 1945 643 1992 eo
670 1930 728 1992 tue
759 1926 977 1993 taciturnitete
1004 1925 1154 1991 dmectus.
1191 1944 1285 2008 quern
1316 1924 1427 2007 utique

301 2044 496 2113 nequequam
524 2030 576 2095 uel
607 2034 662 2095 tue
690 2030 741 2095 uel
770 2030 901 2095 ulterius
930 2028 1131 2112 responsione
1153 2028 1316 2094 confutans
1339 2027 1373 2093 in
1393 2028 1464 2093 tec
1538 2103 1539 2108 η

300 2148 507 2215 nuncusque
537 2133 722 2216 permiseras
751 2132 907 2199 dominari
936 2131 1107 2198 secundum
1136 2131 1225 2197 illem
1250 2128 1429 2196 Selomcnis
1538 2189 1540 2234 ἱ

300 2236 501 2301 sententium:
517 2237 607 2318 quie
629 2254 701 2301 non
723 2234 772 2301 iit
794 2236 1065 2301 contradictio
1088 2234 1132 2301 eb
1154 2234 1218 2299 his
1240 2234 1306 2316 qui
1331 2233 1426 2299 ieci·
1538 2238 1540 2254 ¹

288 2339 369 2403 <unt
400 2338 546 2405 melum
578 2339 674 2414 cito,
707 2338 796 2403 ideo
831 2339 1028 2420 repletum
1057 2341 1116 2401 est
1145 2354 1210 2402 cor
1241 2336 1429 2402 filiorum

301 2441 472 2507 hominis
503 2443 542 2506 in
570 2440 670 2523 ipsis
699 2446 742 2505 ut
771 2441 925 2507 ieoieut
954 2443 1065 2507 mule.
1105 2447 1137 2507 et
1164 2440 1279 2507 idcirco
1306 2440 1371 2507 iem
1392 2444 1427 2507 te

295 2548 370 2626 post
391 2544 471 2610 lenc
492 2542 735 2626 publicationem
757 2562 848 2609 suem
864 2544 923 2609 iste
938 2544 1148 2626 nequissimus
1160 2544 1291 2626 spiritus
1306 2543 1464 2625 inquis-so

299 2648 365 2713 ture
387 2663 448 2713 uon
468 2648 586 2731 poterit
607 2663 664 2713 nee
687 2649 719 2713 in
742 2652 772 2712 te
802 2647 969 2713 latibulum
994 2647 1056 2713 sibi
1078 2646 1277 2715 taeterrimus
1298 2666 1427 2731 serpens

299 2751 443 2833 deinceps
471 2750 641 2833 usurpabit,
663 2750 702 2815 de
723 2750 859 2815 mucoris
889 2750 990 2815 cordis
1012 2752 1060 2816 tui
1081 2751 1213 2817 selutmi
1235 2750 1426 2817 confessione
1538 2797 1540 2840 ,

269 2854 293 2917 5
299 2855 472 2935 protractus
497 2854 541 2918 ed
570 2854 683 2919 lucem.
722 2852 854 2919 necdum
881 2870 973 2918 senex
1002 2853 1079 2919 huso
1107 2854 1205 2920 uerte
1226 2854 1426 2935 conpleueuet
1538 2849 1539 2916 l

300 2960 331 3020 et
353 2972 424 3021 soce
454 2954 573 3039 lempse
607 2970 738 3022 emersu
770 2958 809 3021 de
841 2972 911 3021 meo
941 2958 1013 3021 sinu
1037 2957 1209 3040 procedens
1237 2958 1283 3023 itu
1312 2957 1426 3023 oellnm
1538 2957 1539 3042 J

298 3058 432 3142 repleuit
461 3062 552 3125 odore
580 3060 735 3143 supereo,
765 3064 802 3124 ut
826 3058 1024 3126 uehementis
1044 3060 1173 3126 foetoris
1194 3060 1294 3142 ipsius
1317 3061 1369 3125 uin
1390 3058 1464 3124 inec

298 3180 335 3228 ee
356 3180 411 3227 uos
423 3163 561 3227 residere
575 3162 783 3246 permitteret.
810 3178 1031 3246 resumensque
1053 3163 1299 3229 edmouitionem
1320 3180 1425 3244 senex,

299 3282 377 3349 eece,
400 3264 514 3350 inquit,
536 3264 682 3331 deminus
704 3264 763 3331 tibi
784 3266 954 3333 uerrucam
982 3284 1163 3332 sermonum
1184 3284 1327 3333 meorum
1349 3266 1424 3333 uisi·

298 3366 406 3433 biliter
427 3369 620 3452 euproueuit,
647 3368 684 3433 ut
707 3367 860 3451 passionis
880 3367 969 3435 illius
990 3370 1184 3437 inuentorem
1205 3372 1243 3437 de
1264 3368 1426 3433 cordetuo
1538 3369 1539 3376 ’

400 3553 433 3607 11
450 3552 547 3608 dicolos.
566 3555 592 3621 8,
610 3555 643 3608 11
662 3551 757 3623 (Lxx)

349 3724 366 3778 2
392 3726 510 3793 pociores
536 3722 590 3780 W¹
697 3724 715 3776 4
741 3724 841 3793 apertis
867 3724 906 3779 W
1006 3724 1143 3794 singultus
1174 3725 1198 3780 0
1304 3725 1323 3779 5
1348 3725 1427 3793 pui-

296 3812 410 3865 metimn
435 3808 557 3865 D²W¹0
591 3810 756 3878 permeclnm
783 3809 815 3863 Χ
931 3810 1072 3878 clangulee
1097 3808 1138 3863 Β·
1173 3810 1302 3864 olemoule
1331 3808 1355 3864 0

297 3897 442 3965 leumque
458 3893 619 3951 DWOXr:
651 3896 792 3964 ipsumque
809 3912 835 3951 c:
855 3895 892 3961 of.
909 3908 970 3965 cup.
988 3898 1074 3961 26,2
1162 3895 1275 3950 cottidie
1291 3895 1356 3950 DX

296 3984 313 4037 8
339 3984 413 4037 terre
442 3982 465 4037 O
583 3982 601 4037 9
628 3981 764 4036 dirisimee
793 3981 833 4036 W
862 3980 1005 4036 durissime
1033 3981 1057 4037 0
1177 3982 1207 4035 ll
1234 3981 1423 4050 cuptiuitstem

302 4064 347 4121 W·
440 4067 473 4121 13
490 4066 639 4121 triumiesti
661 4066 699 4123 W
789 4067 825 4121 20
842 4067 918 4121 tuem
935 4069 978 4135 (tu
994 4067 1027 4121 s‘eo
1042 4082 1100 4121 ros.
1118 4068 1195 4131 Μ)
1212 4065 1243 4120 1>
1331 4066 1364 4120 21
1383 4070 1424 4119 te

296 4152 423 4206 terrimus
444 4152 499 4209 ΟΧ
594 4152 628 4207 24
645 4150 778 4208 medioO
871 4154 907 4209 25
924 4154 1047 4223 sulpuree
1067 4154 1118 4210 W:
1147 4152 1291 4222 sulphureo
1309 4145 1423 4220 (phuree

295 4239 326 4292 e'n
343 4252 398 4292 rus.
416 4238 495 4305 oet)
513 4237 543 4292 D
561 4238 630 4295 ctO
664 4238 805 4307 sulphureo
822 4238 854 4293 X
963 4238 1056 4292 leteris
1073 4237 1153 4294 cedd.
1273 4236 1307 4291 21
1324 4237 1421 4306 inquid

293 4321 380 4379 D¹W
477 4323 512 4378 28
529 4324 666 4393 passiones
687 4325 736 4380 W¹
