3092 4967
278 407 340 473 308
523 402 689 457 Iohannis
705 399 867 456 Cassiani
885 398 1047 454 conlatio
1071 397 1105 462 Χ,
1125 398 1165 453 14

279 594 487 678 apostolicum
509 592 712 657 mandatum:
735 590 827 655 sine
850 587 1158 654 intermissione
1179 589 1289 652 orata
1308 583 1400 667 possi·

278 716 349 763 mus
380 697 510 781 inplere.
548 712 715 779 perparum
745 711 880 776 namque
908 694 988 770 orat,
1021 690 1163 775 quisquis
1195 690 1251 756 illo
1282 690 1402 755 mnium

280 802 417 883 tempore
453 817 513 883 quo
551 815 653 883 genua
686 796 857 863 flectuntur
892 813 980 860 orare
1017 796 1193 861 consueuit.
1237 810 1401 875 numquam

278 921 353 967 uero
387 908 467 982 orat,
501 903 642 985 quisquis
680 901 778 967 etiam
811 900 901 965 flexis
935 900 1067 983 genibus
1095 898 1282 980 euagatione
1309 895 1401 961 cordis

278 1006 497 1089 qualicumque
526 1004 718 1072 distrahitur.
756 1007 788 1069 et
818 1003 936 1070 idcirco
969 1003 1078 1087 quales
1106 1007 1233 1069 orantes
1262 1001 1429 1067 uolnmnse

277 1109 421 1186 inueniri,
454 1108 534 1175 tales
564 1124 619 1173 nos
647 1124 714 1172 esse
740 1107 864 1189 oportet
886 1112 959 1171 ante
980 1108 1105 1189 tempus
1127 1105 1247 1171 orandi.
1285 1121 1403 1169 naccae

278 1217 327 1278 ast
358 1212 444 1278 enim
478 1211 615 1277 mentem
647 1210 682 1273 in
715 1211 854 1293 tempora
888 1209 1126 1295 supplicationis
1154 1226 1231 1274 suae
1258 1211 1298 1274 de
1324 1208 1402 1272 statu

277 1316 479 1399 praecedente
507 1313 636 1381 iormari
664 1311 792 1396 illisque
820 1332 891 1379 eam
918 1313 1163 1397 cogitationibus
1191 1314 1334 1377 orantem
1357 1310 1403 1375 uel

277 1420 318 1486 ad
348 1418 497 1485 caelestia
524 1415 690 1483 sublimari
720 1416 772 1481 uel
800 1416 841 1481 ad
868 1419 997 1482 terrene
1017 1416 1168 1500 demergi,
1203 1416 1317 1500 quibua
1338 1415 1405 1478 ante

279 1522 451 1589 orationem
473 1520 571 1587 luerit
592 1522 757 1587 inmorata.
1412 1539 1432 1579 u

249 1644 270 1709 3
323 1640 396 1708 Huc
410 1659 509 1724 usqne
522 1641 618 1707 abbas
634 1638 720 1705 isaac
736 1638 892 1705 adtonitis
914 1638 1005 1705 nobis
1018 1641 1188 1705 secundam
1203 1637 1406 1705 conlationem
1510 1615 1516 1682 ῗ

280 1745 318 1810 dc
347 1745 497 1812 orationis
526 1743 679 1827 qualitate
708 1742 850 1825 digessit.
888 1742 978 1809 cuius
1006 1742 1183 1809 doctrinam
1210 1762 1306 1825 super
1327 1742 1405 1807 illins

279 1848 432 1932 praedicti
454 1847 601 1913 uersiculi
624 1845 843 1924 meditatione,
870 1864 965 1931 quam
987 1847 1076 1912 uelut
1099 1846 1332 1913 informationis
1346 1846 1405 1910 loco

280 1952 319 2017 ab
347 1950 569 2034 incipientibus
593 1948 767 2015 tradiderat
795 1948 1004 2031 retinendam,
1026 1950 1220 2015 admirantes
1242 1951 1405 2015 admodum

281 2057 313 2120 st
335 2054 473 2120 excolere
496 2052 696 2119 tenacissime
720 2053 892 2136 cupientes,
923 2056 1034 2137 utpote
1056 2072 1152 2137 quam
1174 2052 1433 2138 conpendiosamu

281 2175 317 2221 ac
349 2156 476 2223 facilem
509 2156 719 2231 credebamus,
760 2155 968 2222 difficiliorem
1004 2160 1079 2223 estis
1111 2156 1151 2222 ad
1184 2156 1406 2223 obseruandum

281 2260 401 2344 experti
429 2278 538 2325 sumus
569 2277 664 2341 quam
692 2259 773 2325 illud
804 2260 946 2325 studium
973 2262 1127 2339 nostmm,
1150 2278 1212 2345 quo
1234 2259 1404 2326 solebamm

282 2370 376 2429 antea
404 2382 459 2447 per
486 2382 579 2429 omne
606 2363 831 2447 scripturarum
859 2380 969 2445 corpus
997 2364 1115 2446 absque
1143 2365 1240 2430 ullius
1268 2382 1406 2448 perseue-

280 2469 400 2533 rantiae
423 2467 549 2533 uinculo
572 2467 663 2532 uaria
690 2468 806 2549 passim
835 2466 1040 2531 meditatione
1070 2467 1252 2533 discurrere.
1290 2470 1407 2533 consto

280 2572 379 2656 igitur
407 2571 565 2637 neminem
594 2587 719 2654 prorsus
742 2570 781 2635 ob
812 2570 995 2656 inperitiam
1023 2571 1204 2637 litterarum
1226 2589 1246 2636 a
1267 2570 1434 2655 perfecti-a

281 2691 337 2739 one
367 2676 467 2739 cordis
502 2673 625 2739 excludi
658 2692 715 2739 nec
746 2674 959 2741 rusticitatem
991 2674 1097 2741 obesse
1126 2675 1166 2740 ad
1194 2674 1407 2758 capessendam

283 2776 385 2842 cordis
408 2780 501 2863 atque
525 2778 650 2843 animae
671 2777 854 2860 puritatem,
879 2797 958 2862 qnae
981 2778 1276 2861 conpendiosissime
1291 2778 1407 2845 adiacet

282 2881 414 2956 cunctis,
439 2880 581 2947 simodo
605 2900 713 2945 sanam
735 2882 767 2946 ol
789 2882 948 2965 integram
974 2883 1092 2948 mentis
1117 2885 1324 2951 intentionem
1345 2882 1406 2964 iugi

281 2984 321 3048 ad
344 2984 437 3049 deum
460 2984 607 3049 uersiculi
629 2983 722 3050 buius
745 2986 950 3051 meditatione
972 2987 1180 3053 seruauerint.

386 3174 398 3227 1
421 3172 436 3227 1
454 3172 546 3227 Thess.
566 3173 590 3237 5,
611 3172 642 3227 17

334 3344 572 3398 lintirmistione
594 3344 620 3397 V
720 3345 868 3415 ilimpleri
890 3344 920 3399 D
1021 3362 1164 3416 properum
1186 3346 1228 3401 12¹
1331 3346 1407 3401 din·

281 3431 373 3484 uenire
394 3429 437 3484 D¹
544 3432 573 3484 ll
600 3430 689 3484 uerbo
712 3430 764 3485 hnc
786 3448 870 3500 neque
892 3430 976 3485 abbas
998 3433 1083 3487 rubro
1104 3435 1193 3488 colore
1211 3433 1367 3503 depietatis
1387 3431 1411 3484 V

280 3516 338 3571 iem
355 3516 408 3587 lapi
425 3533 482 3571 nou
496 3522 615 3585 possunt
708 3516 741 3569 12
759 3516 881 3572 doctrina
902 3517 929 3572 V
1020 3519 1054 3573 14
1070 3519 1184 3575 admodo
1205 3520 1232 3573 V
1320 3521 1351 3575 15
1367 3521 1408 3573 ut·
1524 3501 1526 3570 ἶ

281 3606 346 3670 pute
372 3600 400 3657 V
502 3602 533 3655 16
557 3602 751 3657 obseruandum
776 3604 817 3657 11ι
927 3604 961 3659 18
983 3604 1126 3662 scribto
1228 3605 1408 3660 obseruantias
1524 3591 1526 3632 l

280 3686 391 3745 Doxr
461 3686 711 3757 20perfectioneD
791 3689 824 3741 21
838 3689 1024 3758 capiacendam
1040 3689 1068 3744 V
1090 3692 1278 3761 capescendam
1295 3693 1345 3749 ΟΡ

281 3774 316 3826 22
335 3772 423 3827 cordis
440 3776 521 3843 atque
538 3790 589 3828 om.
611 3774 664 3829 ΟΧ
750 3775 786 3828 24
803 3777 940 3829 seruarint
957 3793 993 3831 ecc
1010 3781 1149 3831 seruarent
1165 3777 1195 3832 D
1224 3778 1371 3833 aemauerit
1388 3776 1409 3831 O

281 3858 338 3913 PX
441 3858 560 3929 llxplicit
584 3860 700 3915 conlatio
725 3861 845 3929 (collatio
869 3862 908 3916 P:
936 3878 987 3917 orsa
1009 3863 1051 3930 D)
1075 3862 1184 3920 abbatis
1208 3865 1280 3919 iaaac
1300 3863 1408 3919 secunda

281 3946 315 3999 dc
338 3946 460 3999 oratione
482 3945 589 4002 VDOP
620 3946 696 4016 Expl.
720 3948 787 4001 conl.
811 3947 914 4003 decima
936 3965 1003 4018 quae
1022 3952 1051 4003 et
1068 3950 1168 4005 ultima
1188 3953 1320 4021 presentie
1338 3951 1409 4005 nolu·

282 4031 365 4085 minis
383 4030 490 4086 abbatie
509 4033 582 4086 isaac
600 4031 631 4085 do
649 4033 771 4087 oratione
790 4032 823 4087 X
