3092 4967
631 449 793 505 Conlatio
811 448 834 514 Ι,
852 447 920 501 7-8
1300 448 1341 512 15

209 641 426 709 sollicitudine
441 658 476 705 aa
488 640 717 723 dispensatione
729 638 875 717 distenta
888 634 986 701 solam
996 653 1029 699 se
1041 636 1149 701 uidens
1161 634 1200 699 ad
1212 636 1336 700 tantum

209 744 423 813 ministerium
450 761 511 808 non
538 760 628 827 posse
656 740 797 807 sufficere
822 738 1011 805 adiutorium
1034 744 1148 803 sororis
1171 756 1190 802 a
1211 737 1336 803 domino

208 848 351 933 postulat
369 848 487 912 dicens:
511 864 584 910 non
606 844 685 911 tibi
708 841 926 925 sedetquia
942 859 1143 907 sorormea
1164 840 1336 924 reliquit

208 970 266 1016 me
299 951 423 1016 solam
455 948 713 1013 ministrare?
740 946 804 1011 dic
832 964 921 1029 ergo
948 946 983 1010 ei
1006 951 1048 1010 ut
1075 965 1131 1010 me
1159 946 1335 1013 adiuuet.

182 1056 318 1137 sutique
351 1072 411 1119 non
439 1055 478 1118 ad
501 1053 565 1117 uilo
592 1070 679 1134 opus,
708 1051 761 1117 sed
791 1053 830 1116 ad
852 1049 1009 1115 laudabile
1031 1068 1100 1113 eam
1124 1048 1336 1114 ministerium

204 1156 407 1241 prouocabat.
428 1158 459 1219 et
475 1158 580 1220 umen
595 1155 670 1237 quid
684 1153 771 1219 audit
786 1172 805 1217 a
819 1152 965 1218 domino?
980 1152 1148 1234 Martha,
1164 1151 1335 1234 Martha,

205 1258 397 1325 sollicita
419 1276 458 1322 es
482 1258 520 1322 et
541 1256 723 1322 turbaris
746 1275 841 1341 erga
867 1257 1054 1338 plurima:
1085 1256 1223 1338 paucis
1245 1275 1336 1320 uero

204 1382 303 1447 opus
326 1366 387 1427 est
406 1361 607 1426 autetiam
623 1377 705 1424 uno.
733 1358 1334 1442 Mariabonampartemelegit‚

205 1486 304 1549 quae
326 1482 403 1529 non
425 1463 633 1529 auferetur
656 1464 700 1527 ab
723 1480 773 1527 ea.
811 1460 923 1526 uidetis
942 1479 1015 1543 ergo
1030 1460 1202 1543 principale
1217 1460 1335 1526 bonum

164 1570 241 1642 min
275 1570 394 1635 theoria
427 1567 501 1645 sola,
535 1566 567 1632 id
598 1570 646 1629 est
675 1566 707 1629 in
738 1563 1000 1646 contemplatione
1033 1563 1140 1629 diuina
1173 1563 1334 1629 dominum

205 1673 354 1755 posuisse.
396 1672 475 1736 unde
507 1671 624 1735 ceteras
659 1669 802 1751 uirtutes,
836 1670 913 1734 licet
949 1667 1138 1733 necessarias
1171 1673 1203 1733 et
1238 1666 1363 1734 utiles3

204 1777 364 1857 bonasque
390 1773 636 1858 pronuntiemus,
665 1772 799 1837 secundo
827 1774 933 1837 umen
959 1772 1058 1854 gradu
1080 1771 1245 1837 censendas
1267 1792 1332 1838 esse

206 1878 411 1953 decernimus,
445 1876 517 1958 quia
547 1876 711 1940 uniuersae
745 1874 840 1965 huius
873 1874 965 1938 unius
997 1875 1164 1957 patrantur
1192 1874 1331 1942 obtentu.
1401 1948 1404 1954 ,

205 1980 314 2045 dicens
350 1979 433 2043 enim
471 1980 629 2043 dominus:
666 1976 851 2043 sollicita
886 1996 924 2043 es
958 1981 996 2041 et
1029 1979 1204 2044 turbaris
1237 1998 1332 2063 erga

167 2084 350 2164 „multa
373 2082 506 2165 paucis
528 2100 619 2147 uero
643 2100 737 2163 opus
760 2084 818 2147 est
840 2085 908 2147 aut
930 2082 1050 2147 etiam
1067 2100 1158 2161 uno,
1174 2101 1331 2148 summum

204 2188 323 2252 bonnm
346 2203 405 2250 non
429 2188 461 2251 in
484 2186 599 2251 actuali
615 2184 759 2267 quamuis
775 2184 926 2250 laudabili
942 2202 1031 2267 opero
1047 2189 1080 2249 et
1096 2184 1206 2251 multis
1221 2186 1331 2251 fructi-

204 2291 264 2354 bus
294 2288 475 2365 abundanti,
499 2288 607 2353 sedin
631 2308 687 2353 sua
717 2288 981 2370 contemplatione
1004 2305 1083 2369 quae
1105 2308 1177 2353 uere
1199 2288 1330 2371 simplex

203 2394 239 2457 et
253 2410 316 2456 una
332 2396 379 2456 est
394 2391 569 2468 oollooauit‚
588 2392 695 2474 paucis
716 2410 792 2475 opus
808 2411 875 2457 esse
889 2393 1092 2474 pronuntians
1107 2395 1145 2457 ad
1159 2392 1329 2473 perfectam

202 2495 441 2569 beatitudinem,
464 2496 495 2560 id
511 2495 559 2559 est
573 2494 629 2559 illa
647 2495 767 2567 theoria
784 2512 863 2576 quae
881 2496 967 2577 prins
989 2495 1023 2558 in
1039 2513 1206 2576 pancorum
1222 2514 1328 2561 serua-

164 2627 193 2667 ω
202 2597 331 2682 <bellur
343 2598 586 2663 consideratione
598 2601 786 2664 sanctorum.
805 2616 968 2680 aquorum
981 2598 1240 2681 contemplatione
1255 2617 1329 2664 con-

202 2701 355 2765 scendens
378 2704 404 2766 is
427 2702 481 2782 qui
503 2700 604 2765 adhuc
626 2702 658 2765 in
677 2702 816 2783 profectu
831 2701 950 2785 positus
973 2704 1019 2766 est
1043 2702 1082 2765 ad
1105 2701 1184 2766 illud
1206 2720 1327 2785 quoque

202 2802 285 2885 quod
307 2822 405 2867 unum
426 2802 551 2883 dicitur,
589 2805 620 2868 id
644 2808 692 2869 est
714 2806 764 2869 dei
786 2806 881 2870 solius
904 2805 1054 2869 intuitum
1075 2806 1142 2888 ipso
1159 2805 1327 2871 adiuuante

201 2910 373 2989 perueniat,
406 2910 443 2972 ut
476 2908 596 2972 scilicet
630 2910 723 2973 etiam
758 2914 937 2973 sanctorum
971 2911 1061 2974 actus
1087 2927 1123 2973 ac
1152 2908 1328 2975 ministeria

200 3009 333 3075 mirifica
355 3028 571 3096 supergressus
593 3011 690 3076 solius
713 3012 763 3077 dei
791 3012 855 3075 iam
877 3011 1112 3094 pulchritudine
1135 3013 1326 3096 scientiaque

164 3118 357 3195 ,apasoatua
391 3114 519 3179 Maria
540 3131 613 3197 ergo
635 3116 771 3179 bonam
794 3116 944 3197 partem
966 3116 1105 3200 elegit,
1128 3133 1226 3198 quae
1249 3126 1356 3188 non4

199 3215 406 3281 auferetur
439 3219 483 3283 ab
512 3237 563 3283 ea.
601 3217 632 3281 et
654 3217 710 3283 hoc
738 3217 921 3299 diligentius
950 3219 1133 3285 intuendum
1157 3222 1213 3285 est.
1252 3238 1325 3285 nam

201 3337 274 3383 com
303 3319 380 3383 dicit
409 3320 538 3387 Maria
565 3323 704 3387 bonam
725 3325 877 3403 partem
899 3322 1044 3405 elegit,
1067 3322 1141 3387 licet
1162 3326 1265 3388 taceat
1287 3326 1324 3389 de

200 3420 328 3486 Martha
351 3424 383 3487 et
411 3442 605 3507 nequaquam
627 3443 694 3489 eam
723 3423 899 3507 uituperare
921 3424 1073 3503 uideatur,
1106 3424 1195 3491 illam
1218 3430 1325 3492 tamen

199 3524 331 3590 laudans
361 3526 441 3591 hano
467 3526 646 3591 inferiorem
675 3544 742 3591 esse
770 3527 959 3608 pronuntiat.
994 3546 1118 3594 rursum
1146 3547 1217 3593 cum
1246 3530 1323 3596 dicit

162 3644 300 3709 „quae
333 3646 407 3693 non
436 3630 641 3696 auferetur
674 3630 719 3694 ab
750 3648 807 3714 oa,
842 3630 976 3697 ostendit
1005 3630 1154 3715 quodab
1184 3635 1240 3699 hac
1266 3652 1323 3699 sua

302 3797 319 3851 3
336 3796 400 3852 Luo.
420 3798 459 3866 10,
478 3798 512 3854 40
614 3802 630 3855 6
648 3801 667 3855 l.
685 3816 707 3855 o.
725 3800 829 3857 41-42

252 3949 440 4004 daudiuitD
537 3952 743 4021 lplorimaD¹
841 3958 871 4013 ll
889 3959 1021 4027 possuisse
1037 3960 1079 4014 1>¹
1178 3961 1210 4015 12
1229 3961 1321 4017 bonas-

198 4049 251 4103 que
268 4051 319 4089 om.
335 4036 387 4092 Do
483 4038 514 4093 17
533 4038 826 4097 habundantiDWX¹
918 4044 950 4099 19
968 4045 1043 4098 illam
1057 4045 1187 4101 theoriam
1203 4046 1253 4102 Dc

197 4120 357 4177 seruabatur
378 4126 489 4193 scripsi:
520 4130 642 4181 seruatur
667 4127 788 4183 DWXc
900 4131 936 4185 20
957 4130 1196 4187 considerationem
1218 4134 1258 4188 W

196 4207 233 4262 ud
251 4206 292 4262 D¹
375 4212 599 4281 mntemplationd
616 4213 645 4267 D
730 4214 762 4269 21
780 4215 825 4269 hie
841 4216 883 4270 1)ι
969 4218 1086 4287 profacto
1103 4219 1144 4274 D¹
1229 4221 1265 4275 22
1282 4223 1321 4276 in·

196 4294 497 4367 summoveatur
578 4300 612 4355 23
629 4301 711 4355 etiam
729 4317 782 4357 om.
800 4300 830 4356 D
915 4304 950 4359 25
967 4305 1047 4375 eligit
1063 4306 1111 4361 W¹
1196 4307 1230 4363 28
1247 4310 1321 4363 uitu-

197 4394 290 4449 perare
308 4380 338 4435 D
439 4382 474 4437 30
491 4384 615 4441 ostendat
631 4385 674 4439 1)ι
