3092 4967
235 525 297 589 708
621 522 788 576 Iohannis
813 523 970 578 Cassiani

235 730 379 796 agrorum
409 712 599 794 possessione
630 710 794 794 ditabitur,
821 710 950 793 quisque
974 731 1034 776 una
1056 712 1146 778 domo
1168 733 1224 796 pro
1246 714 1366 780 Christi

235 817 400 881 dilectione
423 817 537 880 reiecta
552 817 715 880 innumera
731 816 990 881 monasteriorum
1005 817 1185 883 habitacula
1200 824 1365 901 tamqnam

232 921 357 1004 propria
387 920 566 1003 possidebit,
598 922 631 984 in
661 938 857 1004 quacumque
888 921 970 985 orbis
1001 924 1091 1003 parte
1120 922 1210 988 uelut
1232 924 1264 986 in
1287 941 1366 988 snae

183 1022 223 1086 10
233 1025 342 1088 domus
372 1024 439 1088 iure
469 1025 645 1090 succedens.
685 1025 840 1108 quomodo
870 1025 954 1090 enim
983 1043 1043 1090 non
1073 1026 1257 1109 centuplum
1280 1027 1365 1091 etsi

233 1128 351 1193 domini
373 1129 469 1194 nostri
493 1130 668 1194 sententiae
690 1129 863 1211 snperadici
889 1129 1008 1212 aliquid
1032 1130 1078 1194 ias
1100 1131 1149 1195 est
1170 1130 1243 1210 plus
1266 1148 1363 1212 quam
1391 1153 1406 1192 s

232 1232 412 1315 centuplum
437 1233 559 1315 recipit,
584 1234 637 1314 qui
661 1233 767 1298 decem
791 1234 840 1297 uel
863 1233 979 1314 uiginti
1001 1251 1162 1298 seruorum
1185 1233 1365 1298 ministeria

231 1334 328 1402 infida
362 1339 393 1401 et
427 1339 575 1402 coacticia
608 1337 827 1420 derelinquens
850 1339 898 1402 tot
920 1338 1124 1421 ingenuorum
1148 1356 1185 1402 ac
1207 1338 1363 1403 nobilium

231 1442 397 1522 spontanec
421 1441 553 1506 fulcitur
568 1440 739 1524 obsequio?
762 1440 843 1524 quod
859 1443 904 1506 ita
919 1460 985 1508 esse
1000 1443 1098 1507 etiam
1113 1443 1225 1507 uestris
1240 1444 1362 1525 experi-

231 1543 345 1608 mentis
376 1547 503 1626 probare
534 1546 689 1628 potuistis,
721 1546 775 1628 qui
805 1547 938 1628 singulis
969 1546 1111 1628 patribus
1141 1546 1363 1628 matribusque

231 1667 266 1712 ue
281 1647 425 1713 domibus
442 1649 610 1727 derelictis,
627 1650 801 1732 quamlibet
816 1650 924 1715 mundi
941 1651 1061 1732 partem
1078 1651 1201 1715 fueritis
1214 1651 1359 1732 ingressi,
1374 1675 1405 1713 rc

231 1754 336 1834 patres
360 1755 391 1818 et
413 1757 528 1819 matres
552 1754 725 1836 fratresque
748 1755 936 1830 innumeros,
960 1755 1067 1819 domos
1084 1773 1203 1838 quoqne
1220 1756 1254 1819 et
1268 1772 1361 1836 agros

230 1875 397 1941 seruosque
428 1857 625 1923 fidelissimos
656 1859 771 1940 absque
803 1859 868 1923 ullo
899 1858 1122 1924 sollicitudinis
1152 1858 1259 1923 labore
1283 1875 1360 1922 con-

230 1961 362 2042 quiritis,
402 1963 455 2044 qui
493 1981 547 2026 uos
578 1965 614 2026 ut
652 1963 792 2044 proprios
830 1962 969 2028 dominos
1004 1964 1134 2027 summis
1170 1962 1358 2042 suscipiunt,

181 2063 472 2146 llamplectuntur‚
504 2065 620 2150 fouent,
651 2069 840 2130 uenerantur
869 2066 991 2132 officiis.
1028 2070 1084 2132 sed
1112 2066 1181 2144 hoe,
1215 2065 1360 2148 inquam,

230 2170 328 2232 sancti
352 2169 526 2234 ministerio
550 2171 663 2235 merito
686 2189 722 2234 ac
743 2169 935 2234 fiducialiter
961 2169 1170 2252 perfruentur,
1194 2171 1248 2253 qui
1270 2170 1361 2252 prius
1374 2193 1403 2232 1⁵

230 2271 263 2334 in
285 2273 470 2338 seruitutem
486 2271 694 2338 fratemitatis
710 2277 810 2337 semet
829 2275 911 2355 ipsos
927 2291 1043 2355 suaque
1058 2273 1164 2338 omnia
1178 2274 1362 2338 uoluntaria

228 2376 392 2442 deuotione
421 2377 626 2444 subdiderint.
671 2377 821 2459 recipient
851 2379 935 2442 enirn
965 2380 1136 2442 secundum
1170 2378 1361 2442 sententiam

229 2480 344 2546 domini
367 2481 465 2546 libere
488 2483 520 2547 id
543 2485 623 2566 quod
646 2482 707 2566 ipsi
729 2483 799 2547 aliis
822 2482 1047 2564 dependerunt.
1085 2481 1226 2565 quisquis
1250 2484 1360 2547 autem

229 2584 305 2648 haec
334 2585 514 2651 humilitate
544 2586 665 2651 sincera
694 2585 891 2652 consortibus
922 2586 987 2651 suis
1016 2589 1090 2651 ante
1112 2603 1173 2650 non
1196 2585 1359 2660 detulerit,

229 2690 380 2768 quomodo
404 2688 516 2754 deferri
539 2691 599 2755 sibi
621 2689 661 2754 ab
685 2691 755 2754 aliis
778 2689 936 2773 patienter
958 2691 1116 2773 admittet,
1141 2707 1211 2754 curn
1229 2691 1358 2771 macari
1371 2715 1402 2754 so

229 2809 261 2854 sa
285 2811 390 2856 eorum
414 2793 571 2875 obsequiis
588 2792 753 2877 intellegat
770 2794 872 2874 potius
888 2811 983 2876 quam
999 2793 1108 2871 foueri,
1126 2795 1199 2875 quia
1215 2792 1358 2874 accipere

179 2890 359 2959 12fratrum
383 2896 509 2962 mauult
531 2917 624 2981 qnam
647 2893 775 2962 reddere
798 2897 1011 2962 famulatum?
1037 2896 1114 2962 haec
1130 2900 1236 2962 tamen
1251 2896 1360 2960 omnia

228 3016 288 3063 non
319 3017 390 3063 cum
421 3002 549 3065 remissa
578 3001 742 3066 securitate
765 3019 822 3065 nec
844 3020 916 3065 cum
939 3001 1033 3065 inerti
1056 2999 1264 3065 oblectatione
1285 3017 1357 3083 pcr-

228 3101 331 3184 cipiet,
356 3104 409 3168 sed
432 3107 602 3169 secundum
624 3105 756 3168 uerbum
788 3105 905 3170 domini
928 3123 1000 3169 cum
1022 3103 1302 3188 persecutionibus,
1325 3103 1357 3167 id

228 3207 276 3270 est
305 3225 374 3271 cum
405 3207 558 3290 pressuris
589 3207 705 3274 saeculi
732 3207 824 3273 buius
846 3228 883 3274 eo
905 3209 1038 3274 summis
1060 3207 1230 3291 angoribus
1252 3207 1395 3291 passi-as
1541 3227 1542 3280 l

227 3327 332 3394 ouum,
357 3312 439 3396 quia,
459 3313 538 3376 sicut
563 3313 616 3378 ille
634 3311 882 3395 sapientissimus
899 3312 1105 3387 contestatur,
1128 3311 1195 3393 qni
1217 3311 1356 3376 suauis

226 3416 262 3477 et
299 3415 383 3480 sine
421 3416 557 3482 dolore
594 3419 658 3482 est
691 3418 731 3482 in
766 3418 945 3501 egestate
978 3416 1065 3481 erit.
1105 3433 1238 3498 regnum
1272 3417 1354 3480 enim

226 3519 382 3585 caelorum
413 3538 473 3586 non
503 3521 635 3603 desides,
668 3541 729 3588 non
751 3522 885 3601 remissi,
913 3540 975 3586 non
998 3519 1137 3606 delicati,
1160 3538 1221 3584 non
1243 3516 1353 3595 teneri,

288 3751 422 3907 123)er
444 3751 495 3808 Mc.
522 3751 547 3818 7,
573 3753 591 3806 2
703 3752 737 3806 24
764 3752 798 3807 of.
823 3751 907 3807 Maro.
934 3753 977 3818 lo,
1003 3751 1039 3806 30
1148 3750 1184 3805 26
1210 3749 1286 3804 Pron.
1313 3747 1353 3812 14,

224 3838 286 3906 23(

276 4054 431 4123 lquisquis
447 4052 491 4108 Oa
576 4053 672 4108 3ubis
691 4054 721 4108 F
803 4053 934 4123 ducatri]
947 4069 1000 4107 non
1018 4053 1049 4107 F
1131 4051 1217 4107 6XX
1234 4049 1289 4106 ΡΖ

226 4142 257 4194 11
275 4143 375 4210 etpost
387 4143 477 4210 patrea
489 4155 539 4196 cm.
559 4141 630 4196 OZv
716 4141 748 4194 12
766 4139 964 4194 sollicitudines
981 4139 1019 4194 F*
1108 4139 1140 4193 14
1157 4139 1352 4207 amplectantur

224 4227 250 4280 Z
334 4235 399 4282 oute
416 4227 466 4283 hoc
483 4228 516 4281 in
534 4227 564 4280 F
578 4243 647 4282 erus.
667 4233 705 4282 est
723 4233 776 4296 qut
867 4227 900 4281 19
918 4227 1019 4280 detulit
1040 4226 1091 4281 ΟΖ
1178 4226 1214 4279 20
1230 4223 1352 4278 admittit

223 4313 302 4368 FOZ
402 4315 433 4368 21
462 4315 535 4384 quia]
564 4315 611 4382 qui
638 4315 680 4368 Zc
782 4314 817 4368 22
843 4312 951 4368 reddere
974 4313 1015 4367 F:
1046 4313 1162 4382 accipere
1189 4311 1211 4366 0
1240 4311 1351 4380 racipere

224 4399 251 4452 Z
277 4399 411 4456 deterreo
507 4399 716 4455 1311111111ἹΙ
816 4401 849 4455 27
867 4401 1003 4470 ingustata
1020 4400 1050 4455 F
1141 4397 1286 4453 etenimO

223 4485 257 4539 28
275 4485 389 4555 deligati
406 4485 436 4540 F

1540 4041 1542 4050 1

1541 4053 1542 4060 r

1541 4063 1542 4074 r

1540 4087 1542 4096 1

1541 4119 1542 4132 1

1541 4161 1542 4176 1

1541 4265 1542 4280 1

1541 4285 1542 4292 r

1540 4523 1542 4532 1
