3092 4967
294 448 358 515 256
686 442 851 499 Iohannis
872 443 1030 500 Cassiani

293 653 386 701 usum
407 634 528 700 scilicet
550 636 650 701 noctis
672 652 708 699 ac
731 633 803 713 diei,
833 634 931 699 trium
961 634 1013 699 uel
1042 634 1191 717 quattuor
1213 633 1280 698 lieri
1302 634 1410 700 domini

293 756 500 821 procuremus,
534 756 667 821 cumque
699 737 794 803 unius
827 739 895 803 siue
929 738 1062 803 duarum
1095 736 1248 803 habitatio
1281 737 1410 805 sufficiat

293 841 487 917 cellularum,
521 841 693 907 ambitione
720 841 872 907 saeculari
901 844 994 924 atque
1027 840 1237 925 amplitudine
1269 840 1409 907 delectati

293 946 441 1028 quattuor
468 962 523 1009 seu
552 946 688 1028 quinque
716 945 814 1011 cellas
836 948 868 1011 et
889 944 946 1011 has
968 944 1092 1011 easdem
1120 946 1265 1028 exquisiti
1292 946 1410 1011 ornatus

293 1049 326 1113 et
348 1049 523 1131 capaciores
545 1066 639 1131 quam
660 1067 735 1114 usus
757 1048 911 1115 desiderat
933 1050 1120 1125 eximamus,
1149 1050 1324 1131 passionem
1344 1048 1438 1115 libi-s

293 1152 376 1218 dinis
397 1151 566 1217 mundialis
587 1154 623 1216 iu
645 1153 757 1235 quibus
780 1170 945 1233 possumus
968 1152 1187 1235 praeferentes.

334 1271 389 1337 VI.
413 1270 501 1351 Quod
524 1289 586 1336 non
609 1272 676 1337 siue
702 1271 856 1337 instinctu
879 1271 1066 1338 daemonum
1081 1264 1153 1337 fieri
1163 1274 1412 1341 manifestissima

293 1395 349 1442 nos
370 1376 582 1461 experimenta
602 1375 783 1442 docuerunt.
823 1394 897 1441 uam
923 1378 1051 1459 quidam
1079 1377 1317 1461 probatissimus
1338 1380 1411 1445 seui·

293 1499 383 1546 orum
404 1498 476 1545 cum
498 1478 648 1546 transiret
668 1480 756 1545 iuxta
781 1478 894 1546 cellam
925 1480 1088 1547 cniusdam
1112 1480 1217 1547 fratris
1240 1482 1298 1549 hac
1321 1482 1412 1549 enimi

291 1604 352 1669 qua
380 1582 514 1650 diximus
543 1583 738 1667 aegritudine
766 1584 947 1664 laborantis,
977 1585 1085 1667 utpote
1108 1586 1215 1667 quiin
1239 1586 1440 1652 extruendisw

291 1687 531 1772 reparandisque
568 1686 733 1772 superfluis
776 1688 936 1770 inquietus
976 1688 1141 1755 cotidianis
1179 1688 1410 1755 distentionibus

291 1790 466 1871 desudaret,
500 1794 533 1857 et
565 1790 686 1857 eminus
714 1790 924 1875 conspexisset
952 1810 1022 1856 eum
1049 1792 1139 1875 graui
1168 1792 1281 1858 malleo
1310 1812 1411 1859 saxum

292 1896 494 1961 durissimum
517 1896 727 1961 conterentem
754 1894 948 1977 uidissetque
977 1894 1162 1977 Aethiopem
1186 1899 1339 1978 quendam
1361 1898 1409 1963 ad·

291 1998 428 2065 stantem
450 1998 499 2063 illi
521 2004 554 2065 et
575 2017 637 2065 uua
659 2018 730 2064 oum
754 1998 860 2065 eodem
882 1998 963 2065 ictus
986 1999 1091 2065 mallei
1113 1998 1227 2066 iunctis
1251 2002 1410 2067 consertis·

292 2121 352 2185 que
380 2103 524 2168 manibus
553 2103 737 2169 inlidentem
765 2121 898 2185 eumque
927 2103 965 2167 ad
996 2104 1096 2185 operis
1122 2104 1210 2168 illius
1232 2105 1412 2171 instantiam
1421 2120 1440 2161 ¹⁵

291 2204 400 2287 ignitis
423 2206 541 2272 facibus
570 2206 789 2291 instigantem,
818 2206 996 2271 diutissime
1023 2206 1169 2272 substitit
1190 2207 1242 2273 uel
1269 2208 1412 2293 inpressi·

292 2328 382 2376 onem
414 2309 564 2375 dirissimi
593 2310 752 2376 daemonis
780 2310 833 2375 uel
862 2311 1004 2376 fraudem
1034 2312 1142 2377 tantae
1171 2311 1338 2379 inlusionis
1366 2315 1412 2378 ad-

262 2410 418 2481 imirans.
456 2434 529 2479 cum
552 2415 634 2480 enim
657 2415 756 2481 nimia
784 2415 965 2482 lassitudine
995 2415 1146 2499 fatigatus
1175 2416 1270 2482 frater
1298 2416 1413 2499 requie·

293 2536 376 2583 scere
412 2518 478 2583 iam
512 2518 667 2602 finemque
706 2520 793 2601 operi
829 2520 982 2586 uoluisset
1018 2520 1177 2602 inponere,
1217 2520 1414 2605 instigatione

292 2622 422 2705 spiritns
445 2622 535 2687 illius
558 2623 716 2688 animatus
737 2624 852 2689 iterum
869 2640 1025 2688 resumere
1042 2623 1193 2689 malleum
1209 2623 1441 2690 arausicense

294 2724 333 2789 ab
369 2725 541 2791 intentione
575 2728 676 2808 coepti
709 2726 809 2809 operis
847 2726 1048 2813 urguebatur,
1082 2727 1128 2793 ita
1161 2730 1197 2792 ut
1228 2728 1330 2795 isdem
1357 2730 1415 2793 eius

293 2827 507 2894 incitamentis
523 2830 764 2914 infatigabiliter
779 2834 973 2898 sustentatus
988 2833 1072 2897 tanti
1087 2830 1203 2897 laboris
1217 2850 1279 2897 non
1291 2830 1416 2897 sentiret

293 2931 451 2997 iniuriam.
484 2934 612 2999 tandem
633 2934 733 3017 igitur
755 2954 848 3000 senex
863 2936 930 2999 tam
946 2934 1014 3001 dira
1037 2935 1196 3000 daemonis
1210 2934 1416 3001 ludificatione

292 3038 452 3119 permotus
478 3037 518 3102 ad
547 3036 660 3103 cellam
692 3037 799 3103 fratris
828 3038 957 3103 diuertit
988 3038 1190 3123 salutansque
1219 3056 1300 3117 eum,
1329 3036 1415 3120 quod,

292 3140 407 3224 inquit,
437 3142 494 3220 est,
522 3138 629 3223 frater,
659 3142 745 3206 istud
767 3160 846 3225 opus
869 3143 950 3225 quod
973 3142 1064 3227 agis?
1084 3144 1119 3208 at
1141 3144 1212 3207 ille:
1236 3140 1443 3213 laboramuset

292 3243 349 3321 ait,
377 3248 486 3311 contra
513 3245 598 3311 istud
627 3245 830 3310 durissimum
863 3264 971 3311 saxum
1004 3245 1117 3329 uixque
1149 3246 1230 3311 illud
1262 3245 1415 3329 potuimus

261 3341 460 3431 tauqoando
488 3354 657 3419 conterere.
693 3352 734 3415 ad
762 3350 839 3417 baec
861 3370 967 3416 senor:
997 3351 1074 3416 bene
1100 3351 1208 3416 dixisti
1228 3340 1413 3433 ‘potuimus'.

293 3468 354 3516 nou
377 3454 460 3517 enim
483 3454 567 3519 solus
589 3470 667 3537 eras,
691 3472 762 3519 cum
786 3452 864 3520 illud
888 3457 1037 3533 caederes,
1060 3454 1113 3519 sed
1135 3452 1197 3520 init
1218 3454 1299 3518 alius
1314 3455 1412 3517 tecum

344 3710 486 3765 lscilecet
507 3711 541 3765 V‘
633 3712 819 3766 diaeresin
835 3712 865 3767 D
956 3712 1076 3780 seuque
1097 3712 1148 3768 VP
1239 3708 1416 3779 bcapatiorss

292 3797 393 3854 DWX
486 3798 667 3852 dmuudialis
684 3800 779 3855 «ΜΟ
872 3800 967 3867 Spart
985 3798 1131 3852 docuerunt
1146 3798 1179 3852 in
1198 3796 1252 3853 ΟΧ
1270 3812 1329 3865 cop.
1342 3800 1360 3849 6
1375 3795 1414 3849 ia·

292 3885 359 3955 cipit
454 3885 519 3939 9ac
533 3885 564 3939 D
657 3887 763 3939 animae
783 3886 821 3942 W
915 3888 946 3940 ll
965 3884 1059 3940 cottid.
1082 3885 1121 3941 W
1213 3880 1414 3937 distintionibus

296 3972 324 4026 V
424 3970 457 4025 13
478 3971 630 4041 uidisetque
647 3972 677 4026 D
779 3972 937 4041 etiopemO
1039 3974 1071 4026 15
1094 3972 1128 4024 ab
1150 3972 1177 4026 V
1278 3970 1312 4025 16
1329 3966 1412 4023 iusti·-

293 4061 402 4127 gautem
422 4060 450 4114 V
535 4058 665 4113 substetit
686 4059 722 4113 V¹
816 4060 851 4113 18
867 4058 952 4113 nimia
969 4074 1019 4115 om.
1041 4059 1080 4114 W
1170 4060 1203 4113 19
1220 4072 1298 4125 opero
1315 4057 1354 4111 D¹

293 4146 327 4199 20
349 4143 464 4199 desinire
486 4144 534 4199 W¹
631 4145 664 4199 21
681 4145 827 4213 urgebatur
847 4145 898 4201 ΟΡ
994 4144 1077 4198 isdem
1101 4144 1143 4197 X:
1173 4143 1277 4197 hisdem
1296 4144 1354 4198 rell.

292 4232 327 4285 ‘22
343 4233 512 4286 sustentatur
529 4231 571 4286 1)ι
656 4232 692 4285 25
708 4231 802 4299 inquid
823 4231 969 4287 VDWOP
1054 4230 1087 4283 26
1105 4229 1234 4285 istumO
1321 4224 1414 4291 samm]

293 4318 406 4388 lapidem
424 4318 496 4374 DW
594 4319 672 4373 illum
690 4318 762 4374 DW
864 4318 1006 4388 aliquando
1023 4319 1161 4387 potuimus
1179 4316 1209 4371 D
1311 4316 1343 4370 27
1360 4328 1414 4369 oon·

293 4411 393 4462 terrere
410 4407 440 4462 D
526 4408 645 4464 aenesO
748 4410 793 4461 nix
812 4409 948 4475 potuimus
968 4408 1015 4461 Po
