3092 4967
616 444 782 502 conlatio
805 447 827 513 1,
847 448 887 502 ll.
1272 454 1315 520 23

178 634 300 699 inedie
332 651 478 699 meeum
513 634 594 698 erin
625 634 666 697 in
696 634 889 718 paradiso
921 634 1113 703 noluerimus
1141 638 1313 719 intendere,

175 738 255 820 quid
285 736 370 802 alind
399 736 564 802 manifeste
594 736 751 820 signifieat
781 756 876 820 qnam
904 738 1071 821 perdurare
1094 740 1314 809 inanimatus

176 858 242 907 uon
276 841 375 905 solnm
406 836 553 922 pristinos
583 840 771 919 iutelleetne,
802 839 858 906 eed
887 843 983 908 etiam
1012 842 1234 910 uicissitudine
1260 864 1313 913 eae

177 960 316 1027 cnugrna
337 960 393 1025 pro
419 942 603 1009 meritorum
633 948 823 1026 actuumque
845 962 973 1010 euenum
995 946 1113 1029 perfrui
1135 948 1312 1030 qualitate?

150 1046 239 1112 ehoe
261 1048 343 1112 enim
365 1046 414 1112 illl
438 1065 632 1130 nequaquam
655 1048 798 1114 dominun
820 1050 1025 1131 promieieeet,
1048 1050 1076 1115 ei
1091 1050 1156 1116 eine
1171 1050 1311 1117 animum

175 1154 284 1215 uueeet
315 1154 386 1233 poet
415 1148 641 1233 separationem
672 1152 773 1217 earnis
802 1152 854 1216 nel
876 1153 1062 1236 priunnrlam
1085 1169 1178 1219 renen
1199 1156 1253 1220 nel
1276 1155 1310 1221 iu

176 1252 313 1319 nihilum
343 1252 566 1319 resoluendum.
610 1270 673 1318 non
704 1255 788 1319 enim
817 1272 888 1319 eene
918 1254 985 1320 eine
1015 1254 1048 1320 iu
1076 1254 1226 1340 paradise,
1255 1261 1308 1325 een

178 1358 286 1423 anima
308 1360 375 1422 eret
397 1357 576 1441 ingressura
598 1376 668 1425 unm
691 1354 824 1424 Christe.
854 1358 1096 1439 tenendarum,
1123 1362 1219 1425 immo
1241 1357 1340 1427 tetuli

176 1460 304 1525 herrore
328 1464 375 1525 eet
398 1463 579 1526 detestanda
600 1460 788 1544 pranieeima
810 1461 1037 1527 haeretieorum
1055 1462 1114 1527 illa
1135 1464 1309 1549 distinctio,

138 1564 233 1647 nequi
263 1564 341 1629 dnm
371 1580 431 1629 non
462 1566 591 1629 eredunt
626 1563 785 1630 Christum
815 1564 954 1648 petuisse
986 1566 1093 1631 endem
1117 1566 1166 1632 dle
1197 1584 1256 1649 qno
1276 1568 1311 1632 in

177 1665 303 1733 inferna
334 1664 494 1732 deseendit
523 1668 619 1732 etiam
648 1666 681 1732 in
712 1668 853 1750 paradino
881 1668 1042 1751 repperiri,
1066 1670 1113 1734 ita
1134 1669 1311 1756 distingunt

177 1790 288 1837 amen
319 1770 407 1836 dien
429 1770 509 1836 tibi
531 1770 662 1849 hodie,
694 1772 725 1837 et
747 1772 929 1855 interposita
951 1772 1151 1838 distinetione
1172 1773 1312 1839 inierunt

178 1892 326 1940 meeum
358 1874 437 1939 eris
467 1875 506 1939 in
529 1874 727 1957 paradiso,
757 1874 795 1939 ut
823 1875 943 1940 ealliuet
963 1874 1040 1941 haee
1060 1877 1225 1958 premieein
1247 1896 1310 1944 nou

177 1978 288 2043 statim
310 1982 381 2059 poet
404 1978 573 2043 transitum
595 1978 681 2044 uitae
696 1978 798 2043 ¹huius
819 1980 949 2061 inpleta
972 1981 1026 2045 eed
1041 1981 1112 2061 pent
1126 1983 1312 2047 resurreeti-

140 2081 245 2146 mnuie
276 2082 447 2146 aduentum
476 2080 680 2165 intellegatur
710 2080 867 2164 inplenda,
898 2100 959 2147 nun
985 2081 1205 2165 intellegentes
1227 2083 1309 2149 illud

177 2186 258 2267 quud
290 2187 362 2248 ante
391 2184 625 2251 resurreetionie
656 2202 730 2251 suae
759 2185 844 2250 aliem
873 2188 1006 2268 pretulit
1030 2190 1069 2253 ad
1091 2186 1231 2264 Iudaees,
1256 2192 1310 2272 qui

177 2301 249 2353 eum
277 2291 315 2351 ut
341 2292 440 2353 semet
467 2289 550 2370 ipeoe
580 2287 749 2353 eredebant
778 2288 922 2356 humanis
950 2292 1105 2375 angustiis
1136 2295 1167 2357 et
1190 2291 1310 2357 carnali

177 2391 361 2457 infirmitate
383 2392 538 2459 cenuludi:
571 2392 877 2458 nemoascendit
899 2394 941 2458 in
964 2395 1113 2460 eaelum
1138 2395 1218 2461 uiei
1240 2396 1309 2478 qui

177 2496 226 2561 de
255 2494 366 2560 eaelo
389 2495 614 2575 deseendit,
642 2497 759 2562 illiue
784 2496 1034 2581 hominisqui
1058 2499 1309 2566 eatinnaele.

138 2598 291 2681 anqnibne
307 2598 473 2664 manifeste
489 2598 638 2681 probatur
660 2602 781 2665 animae
804 2601 1021 2667 defunctorum
1043 2618 1104 2667 non
1127 2604 1228 2667 nolum
1243 2598 1339 2670 enini

175 2702 320 2769 nunnitus
351 2719 412 2767 non
442 2703 569 2787 prinum,
600 2703 653 2768 eed
682 2705 816 2769 uelutis
845 2704 970 2788 quidem
1000 2704 1172 2784 affectibus,
1201 2706 1234 2771 id
1262 2710 1311 2774 eet

175 2824 230 2889 spe
250 2807 344 2888 etque
366 2806 507 2884 tristitia,
530 2806 644 2888 gaudio
667 2824 702 2872 ae
724 2812 813 2873 metu
834 2825 945 2886 carere,
968 2812 1001 2873 et
1022 2826 1059 2872 er
1080 2810 1125 2874 eis
1149 2828 1226 2892 qnae
1248 2811 1311 2878 eibi

175 2910 209 2974 iu
231 2908 286 2975 ille
310 2908 449 2993 generali
472 2908 614 2974 examine
635 2915 834 2975 reseruantnr
855 2911 1004 2993 qnltdum
1019 2930 1072 2977 eae
1094 2914 1158 2979 iarn
1173 2914 1310 2995 incipere

175 3018 388 3096 praegustare,
418 3030 476 3077 nee
504 3014 676 3079 seeundum
706 3016 881 3095 opinionem
910 3010 1105 3098 quorundam
1134 3016 1311 3082 infidelium

134 3116 208 3181 nin
236 3116 373 3181 nihilum
406 3132 456 3181 eae
489 3117 602 3181 reenlni
631 3118 702 3200 poet
732 3118 825 3183 lmine
856 3118 1109 3185 uommnratienie
1138 3136 1310 3202 exeeeeum,

173 3219 230 3285 ned
262 3218 407 3285 ninaeiue
437 3220 606 3286 anbeletere
636 3221 748 3304 deique
776 3220 924 3287 lundibne
953 3220 1107 3287 intentius
1134 3221 1309 3288 inhaerere.

172 3326 209 3388 et
233 3339 374 3401 reuera,
404 3322 440 3386 nt
461 3322 662 3406 sequestretis
684 3324 842 3407 paulisper
866 3324 1058 3390 testimeniie
1080 3324 1339 3406 seripturarumss

172 3428 215 3491 de
234 3424 337 3508 ipeiue
360 3425 482 3491 'animae
504 3427 619 3491 nutura
633 3428 805 3493 seeundum
820 3418 1070 3494 mediocritetem
1084 3445 1191 3493 eeneue
1207 3429 1308 3495 nentri

171 3528 284 3611 paneis
319 3528 424 3611 aliqua
455 3529 660 3612 disputemus,
695 3548 796 3596 nonne
824 3531 910 3596 ultra
940 3530 1041 3596 emnia
1074 3532 1212 3614 ineptiae
1244 3550 1308 3599 nen

133 3630 280 3696 audirem
304 3630 496 3715 fatuitatem,
521 3634 575 3697 sed
597 3632 753 3699 insaniam
775 3639 823 3699 eet
852 3634 902 3699 uel
925 3634 1038 3699 leniter
1052 3634 1203 3717 suspicari
1218 3634 1310 3702 illum

171 3733 391 3818 pretiesinrem
414 3733 550 3800 huminis
572 3736 758 3818 portionem,
775 3740 807 3802 in
824 3753 885 3819 qna
901 3738 995 3803 etiem
1010 3738 1117 3822 image
1131 3737 1181 3804 <lei
1197 3755 1308 3803 secun·

1369 3843 1397 3885 l*

279 3923 294 3976 1
314 3920 377 3975 lanu
395 3920 438 3989 23,
456 3922 491 3976 43
596 3923 629 3977 18
647 3922 705 3977 Inlu.
724 3922 749 3989 3,
768 3923 802 3976 13

226 4090 440 4147 numericorum
457 4092 519 4147 DX
620 4094 649 4147 11
670 4094 799 4163 pnrntyro
817 4095 848 4149 D
941 4095 1072 4165 repperire
1089 4096 1130 4151 1>¹
1230 4096 1262 4151 12
1279 4098 1309 4151 et

170 4201 226 4243 oue·
244 4186 283 4242 W
368 4186 522 4241 inferuntur
538 4186 569 4241 D
655 4188 688 4243 15
705 4188 771 4243 illut
788 4188 819 4243 D
905 4189 939 4244 19
956 4190 1089 4247 dieeeurlit
1106 4189 1178 4244 illine
1196 4190 1238 4245 D¹

170 4285 209 4339 22
225 4284 313 4355 adque
328 4286 368 4344 W
445 4288 481 4343 23
499 4291 641 4344 sumentur
657 4288 693 4345 W
773 4291 809 4347 24
825 4285 871 4346 ue‘
888 4292 918 4347 D
1000 4292 1174 4362 quorumdam
1192 4292 1238 4347 W¹

169 4378 569 4439 ffieommemnratienieDW
625 4382 875 4440 ffiuiuatiueDW
931 4385 1238 4455 aterqeeeeiaraafl
