3092 4967
583 1165 948 1263 PRAEFATIO.

242 1440 413 1551 Debitum,
428 1468 508 1553 quod
524 1468 705 1535 beatissimo
717 1487 815 1551 papae
829 1468 950 1535 Castori
965 1469 997 1534 in
1013 1488 1120 1535 eorum
1130 1470 1325 1537 uoluminum
1338 1474 1353 1536 1

194 1576 393 1663 praefatione
418 1578 605 1659 promissum
628 1581 685 1655 est,
714 1596 793 1661 quae
815 1578 853 1641 de
875 1577 1030 1642 institutis
1054 1578 1271 1644 ooeuobiorum
1294 1584 1327 1644 et

196 1682 239 1745 de
258 1684 327 1747 osto
342 1680 562 1763 principalium
577 1678 727 1745 uitiorum
742 1680 885 1745 remediis
897 1680 1057 1745 duodecim
1070 1680 1188 1747 libellis
1200 1681 1326 1747 domino

169 1783 370 1849 eadinuante
393 1783 516 1865 digesta
538 1786 622 1861 suut,
645 1783 676 1847 in
701 1800 761 1865 quo
785 1783 922 1847 tenuitas
946 1784 1044 1847 nostri
1058 1783 1183 1848 suffecit
1196 1784 1325 1867 ingenii,

196 1892 370 1968 utcumque
392 1885 543 1950 sarcitum
565 1888 622 1951 est.
656 1884 791 1949 uiderim
812 1904 885 1949 sane
904 1886 978 1967 quid
993 1904 1086 1969 super
1102 1887 1159 1951 hoe
1173 1887 1226 1952 uel
1239 1886 1325 1952 illius

196 1990 253 2055 uel
275 1989 370 2053 uestri
394 1988 489 2054 fuerit
507 1989 657 2054 examinis
673 1990 829 2071 aequitate
844 2007 1038 2071 perpensum,
1061 1990 1169 2053 utrum
1184 1990 1217 2053 in
1231 1990 1325 2055 rebus

196 2098 269 2157 tam
295 2092 455 2173 profundis
483 2096 609 2174 tamquo
639 2091 827 2156 sublimibus
858 2092 890 2155 et
917 2110 994 2173 quae
1021 2094 1053 2156 in
1081 2110 1174 2157 usum
1200 2092 1268 2158 stili
1290 2099 1326 2157 ut

197 2195 333 2260 arbitror
355 2195 445 2259 antea
466 2212 528 2261 non
550 2197 713 2271 uenerunt,
737 2195 868 2277 dignum
891 2194 1009 2275 aliquid
1027 2196 1204 2278 cognitione
1219 2199 1327 2261 uestra

154 2326 185 2367 ro
196 2299 398 2379 omniumque
420 2298 596 2362 sauotmum
621 2298 754 2362 fratrum
783 2295 932 2362 desiderio
955 2298 1205 2380 prompserimus.
1244 2302 1356 2365 11111112

195 2406 305 2467 antem
328 2402 401 2483 quia
422 2402 637 2484 derelinquens
653 2418 707 2464 nos
731 2400 869 2483 pontifex
890 2418 987 2482 supra
1001 2400 1104 2466 dietus
1121 2399 1271 2483 migrauit
1285 2402 1325 2465 ad

197 2504 371 2587 Christum,
398 2505 454 2569 has
484 2504 608 2568 interim
633 2504 741 2569 deoem
766 2503 956 2568 conlationes
978 2521 1171 2569 summorum
1189 2505 1324 2586 patrum,

195 2610 230 2673 id
252 2612 300 2673 eat
322 2608 575 2673 anachoretarum
600 2608 653 2689 qui
671 2606 705 2671 in
720 2607 844 2671 heromo
859 2607 935 2672 Soiti
953 2608 1162 2681 morabantur,
1178 2625 1254 2688 quas
1269 2607 1325 2673 ille

197 2709 429 2791 inconparabili
462 2708 595 2793 flagrans
628 2709 733 2773 studio
767 2709 946 2774 sanctitatis
977 2710 1074 2775 simili
1102 2710 1161 2773 sibi
1190 2711 1326 2775 iusserat

158 2830 339 2882 resermone
366 2812 529 2887 oonsoribi‚
557 2829 618 2876 non
648 2812 822 2894 expendens
851 2831 924 2895 prae
954 2811 1157 2877 multitudine
1183 2814 1325 2879 cantatis

199 2918 317 2999 quanto
344 2914 484 2981 infirmas
513 2916 650 2981 oeruioes
677 2918 812 2996 pondere
835 2921 1065 2998 praegrauarot
1088 2916 1178 2981 uobis
1200 2916 1324 3000 potissi·

198 3038 298 3099 mum,
328 3038 345 3085 o
374 3019 552 3085 beatissime
589 3036 669 3102 papa
705 3017 816 3083 Leonti
849 3022 881 3082 et
913 3020 1021 3083 saneta
1054 3017 1150 3083 frater
1186 3019 1324 3097 Helladi,

198 3122 318 3188 oredidi
349 3122 579 3189 aonseorandas.
617 3122 697 3186 alter
725 3120 879 3203 siquidem
900 3124 1040 3186 nestrum
1063 3126 1234 3187 memorato
1256 3122 1354 3187 uiro3

198 3230 230 3291 et
254 3226 469 3309 germanitatis
496 3224 609 3290 affeetu
625 3226 656 3289 et
670 3225 833 3289 saosrdotii
848 3223 1001 3308 dignitate
1015 3228 1048 3288 et
1061 3224 1144 3307 quod
1159 3224 1207 3289 his
1223 3228 1324 3291 maius

161 3332 250 3394 anast
270 3328 369 3395 sanati
395 3328 491 3393 studii
514 3328 634 3393 feruore
649 3328 832 3393 ooniunotus
847 3327 1034 3392 hereditario
1049 3326 1222 3392 fraternum
1237 3328 1325 3393 debi-

199 3438 270 3497 tum
292 3432 358 3496 inre
380 3431 534 3513 depoeoit:
562 3428 642 3496 alter
664 3431 922 3497 anathoretarunr
936 3430 1085 3495 instituta
1099 3429 1248 3495 sublimia
1263 3450 1325 3497 non

199 3538 237 3600 ut
266 3535 391 3616 qnidam
419 3532 544 3619 propria
574 3534 742 3616 adgressus
770 3538 818 3597 est
849 3533 1098 3615 praesumptione
1124 3534 1247 3612 sectari,
1270 3536 1325 3599 sed

199 3636 380 3720 legitimum
402 3637 560 3703 doetrinae
582 3636 742 3701 tramitem
764 3638 872 3701 sanoto
895 3636 1006 3718 spiritu
1028 3637 1212 3720 suggerente
1227 3654 1324 3719 paene

253 3876 893 3948 1eratanostrae.re-x-eonnuonrsuen
984 3890 1213 3962 noprsprereuo
1226 3891 1258 3945 x

198 3978 406 4035 3inatitutione
424 3978 611 4033 monachornm
628 3979 660 4034 a’o
676 3994 732 4034 rna.
750 3995 784 4033 on
803 3980 823 4032 2
840 3978 869 4032 D
960 3978 1096 4033 5euffioit
1113 3978 1144 4032 X
1227 3976 1323 4032 611111·

197 4066 283 4120 citum
300 4064 330 4118 X
424 4066 544 4119 fnestri
563 4064 624 4119 X¹o
718 4065 917 4134 deogitatione
935 4063 965 4117 D
1053 4064 1203 4134 mgnitioni
1220 4065 1324 4118 noemae

197 4184 250 4239 Xe
351 4184 384 4239 13
402 4184 618 4239 anaobmitarum
637 4182 702 4237 DX
804 4156 869 4237 sesi
890 4183 920 4237 D
949 4149 1042 4268 eaithii
1060 4182 1091 4237 X
1192 4183 1324 4253 161111111-

198 4288 322 4357 graueret
339 4287 380 4341 D¹
477 4287 508 4341 17
527 4284 608 4340 elladi
627 4286 659 4340 X
753 4286 786 4341 19
803 4286 898 4341 siloem
915 4286 957 4340 D¹
1048 4286 1083 4341 10
1100 4285 1221 4341 heredita
1227 4323 1319 4340 ......

197 4377 305 4427 ternum
323 4372 353 4426 D
455 4370 490 4426 11
507 4372 653 4428 anaohorit.
671 4371 700 4426 D
802 4371 837 4427 23
853 4388 919 4441 pene
937 4372 1005 4427 DX

1183 4476 1219 4530 1⁸
