3092 4967
486 467 644 523 conrasas
668 466 834 533 xr1‚1-a.
1156 465 1220 533 439

26 706 27 722 ,
149 657 171 722 l.
192 657 309 724 Beatus
323 653 444 737 Ioseph,
461 655 548 720 cuius
570 674 651 720 nunc
665 656 813 721 instituta
828 673 863 721 ac
878 661 1043 740 praecepta
1056 657 1221 738 pandenda

26 780 27 830 3
113 765 185 841 suut,
206 778 287 826 unus
309 759 442 825 etribus
458 777 590 841 quorum
604 759 638 823 in
652 761 755 842 prima
770 760 945 824 conlatione
959 758 1090 824 fecimus
1105 761 1220 824 menti·

113 882 202 944 onem,
228 863 330 928 clarae
356 863 524 928 admodum
553 859 692 927 familiae
721 880 759 927 ao
788 861 955 944 primarius
984 863 1123 928 ciuitatis
1147 881 1220 928 suao

26 998 27 1002 =
111 969 186 1032 iutra
216 967 394 1049 Aegyptum
427 964 498 1044 mc,
531 983 610 1046 quae
643 965 821 1047 appellatur
854 967 996 1048 Thmuis,
1029 966 1062 1031 et
1088 965 1133 1030 ita
1160 985 1220 1033 non

26 1062 27 1073 ’
95 1069 201 1136 aeolum
222 1067 389 1154 Aegyptia,
411 1069 466 1134 sed
487 1070 583 1134 etiam
604 1067 722 1134 Graeca
736 1068 885 1134 facundia
900 1070 1066 1152 diligenter
1081 1071 1218 1149 edoctus,

111 1177 141 1237 ut
158 1173 210 1238 uel
223 1171 313 1237 uobis
328 1172 381 1238 nel
395 1171 444 1236 his
459 1172 513 1254 qui
529 1171 720 1255 Aegyptiam
737 1174 879 1257 linguam
894 1173 1020 1255 penitus
1037 1173 1220 1256 ignorabant

110 1293 163 1339 non
184 1279 220 1340 ut
242 1275 338 1340 ceteri
360 1293 413 1356 por
436 1275 647 1357 interpretem,
671 1275 725 1340 sed
746 1275 1034 1360 persemetipsum
1050 1277 1218 1361 elegantis·

109 1381 178 1445 sime
200 1378 385 1462 disputaret
423 1378 477 1461 qni
500 1396 572 1444 cum
593 1378 823 1446 institutionem
851 1397 941 1444 suam
961 1397 1017 1445 nos
1046 1379 1218 1446 desiderare

109 1481 256 1561 sensisset,
290 1483 490 1566 percontatus
522 1483 660 1567 primum
696 1484 877 1549 utrumnam
910 1501 1047 1549 essemus
1078 1482 1220 1567 germani

82 1585 209 1650 rcfratree
242 1587 434 1669 audiensque
465 1605 485 1652 a
512 1587 601 1653 nobis
634 1590 716 1669 quod
749 1606 811 1653 nou
840 1587 968 1670 carneli,
1001 1587 1055 1651 sed
1083 1587 1218 1669 spiritali

109 1707 233 1755 essemus
254 1689 452 1756 fraternitate
472 1691 622 1773 deuincti,
645 1709 762 1774 nosque
786 1692 825 1756 ab
841 1691 963 1757 exordio
978 1689 1219 1757 renuntiationis

107 1795 219 1858 nostrae
254 1796 320 1858 tam
354 1793 387 1858 in
420 1793 681 1877 peregrinatione,
719 1813 798 1878 quae
834 1792 873 1860 ab
906 1796 1038 1877 utroque
1075 1794 1218 1859 nostrum

106 1893 200 1961 iuerat
227 1897 357 1961 obtentu
387 1895 521 1962 militiae
550 1897 701 1980 spiritalis
729 1899 864 1982 arrepta,
897 1915 991 1981 quam
1019 1899 1051 1962 in
1080 1891 1218 1962 coenobii

107 1999 202 2064 studio
229 1998 391 2066 indiuidua
418 1987 541 2082 semper
570 2000 784 2066 coniunctione
813 2000 956 2076 sociatos,
986 2001 1044 2065 tali
1073 2017 1147 2066 usus
1169 2001 1219 2065 est

79 2103 247 2169 nsermonis
267 2103 401 2168 exordio.

141 2221 182 2289 11.
210 2223 431 2288 amicitiarum
465 2241 500 2288 ac
534 2220 710 2287 sodalitatis
743 2223 845 2288 multa
878 2227 951 2288 sunt
983 2239 1106 2307 genera,
1140 2241 1218 2304 quae

106 2325 227 2391 diuersis
249 2325 350 2391 modis
371 2326 544 2391 humanum
557 2343 657 2409 genus
684 2325 862 2390 dilectionis
877 2326 1026 2390 societate
1041 2327 1216 2391 conectunt.

106 2429 246 2508 quosdam
269 2427 354 2492 enim
376 2431 563 2511 praecedens
585 2429 801 2494 conmendatio
827 2430 963 2512 primum
985 2429 1125 2504 notitiae,
1148 2432 1217 2511 post

105 2531 193 2595 etiam
226 2529 384 2597 amicitiae
416 2532 491 2597 fecit
524 2531 604 2596 inire
638 2533 822 2597 conmercia.
861 2531 893 2596 in
927 2530 1112 2612 quibusdam
1145 2549 1217 2597 uero

76 2637 272 2699 omntractus
293 2635 422 2717 quidam
443 2654 499 2700 seu
519 2635 586 2701 dati
608 2635 767 2720 acceptius
782 2635 924 2718 depactio
939 2635 1078 2700 caritatis
1095 2634 1219 2700 foedera

105 2736 264 2818 copulauit.
302 2741 452 2821 quosdam
486 2739 707 2822 negotiationis
740 2757 796 2804 sau
829 2737 962 2804 militiae
994 2739 1045 2804 nel
1075 2737 1151 2803 artis
1180 2755 1218 2803 ac

103 2840 191 2905 studii
214 2841 390 2907 similitudo
416 2844 510 2924 atque
538 2842 703 2908 conmuuio
729 2841 941 2908 amicitiarum
963 2843 1099 2907 uinculis
1121 2861 1215 2908 naru-

103 2945 195 3023 erunt,
217 2963 274 3028 per
295 2963 390 3026 qnam
411 2943 458 3010 ita
479 2945 575 3010 etiam
602 2945 694 3011 effera
715 2945 775 3012 sibi
796 2945 932 3012 inuicem
958 2946 1049 3010 corda
1071 2963 1216 3010 mansue·

102 3051 196 3125 scunt,
218 3047 256 3112 ut
277 3047 372 3112 etiam
387 3048 420 3113 lsi
434 3047 489 3130 qui
504 3047 537 3112 in
553 3048 643 3114 siluis
658 3067 695 3114 ac
716 3048 878 3114 montibus
894 3049 1067 3116 latrociniis
1083 3049 1216 3132 gaudent

75 3148 132 3210 set
156 3149 303 3216 effusione
330 3151 461 3216 humani
488 3153 650 3234 sauguinis
681 3153 886 3232 delectantur,
915 3169 1042 3218 suorum
1064 3151 1217 3216 scelerum

101 3251 264 3337 participes
285 3255 515 3337 amplectantur
537 3271 574 3320 ac
595 3255 730 3320 foueant.
765 3259 815 3321 est
830 3256 926 3320 etiam
942 3253 1116 3319 dilectionis
1130 3253 1247 3324 aliud2

101 3373 202 3436 genua,
232 3357 315 3440 quod
337 3358 489 3424 instinctu
517 3362 648 3424 naturae
668 3359 769 3443 ipsius
792 3361 825 3424 et
846 3355 1127 3441 consanguinitatis
1148 3357 1218 3440 lege

101 3459 278 3540 conectitur,
302 3479 364 3544 qua
384 3464 436 3527 uel
459 3463 646 3529 contribules
675 3463 728 3529 uel
757 3463 904 3546 coniuges
925 3461 976 3526 uel
997 3464 1142 3542 parentes
1164 3479 1217 3526 seu

101 3558 206 3628 damas
228 3581 265 3628 ao
279 3563 339 3629 tilii
361 3565 547 3631 naturaliter
561 3566 672 3631 ceteris
687 3565 917 3649 praeferuntur,
943 3564 1025 3647 quod
1040 3582 1101 3628 non
1116 3563 1217 3628 solum

70 3659 228 3730 solomano
251 3666 368 3750 generi,
390 3687 502 3732 uerum
518 3669 615 3734 etiam
630 3668 776 3734 omnibus
792 3667 922 3734 alitibus
938 3672 1032 3750 atque
1048 3666 1216 3732 animanti·

194 3826 355 3896 aulea

146 3972 335 4030 2erll'l‘Oo
427 3975 585 4046 dthymuis
602 3979 628 4030 Y
653 3976 772 4032 thembia
792 3978 817 4029 Ο
905 3976 1093 4046 daegyptiam
1110 3974 1150 4027 Πι

98 4056 244 4114 'Iutoateri
256 4077 308 4116 om.
319 4063 346 4114 Τ
435 4063 547 4131 eligant
559 4063 591 4115 Π
681 4065 871 4134 9perconatus
883 4063 913 4115 Π
928 4065 1115 4132 percunctatus
1127 4063 1153 4114 Y

99 4143 130 4196 13
148 4147 238 4200 cenobi
255 4147 282 4201 0
368 4148 401 4202 14
417 4147 551 4203 taliterY
634 4149 668 4203 19
678 4150 833 4203 commertia
845 4150 875 4201 Π
879 4149 905 4201 d'
987 4147 1153 4216 20depeotio
1167 4147 1217 4199 0¹:

97 4229 213 4300 deceptio
229 4233 257 4284 Σ
285 4234 406 4304 depactio
429 4233 516 4290 Y0²v
544 4235 674 4304 acceptia·
696 4235 830 4303 denpectio
853 4234 892 4286 Π1
924 4234 1078 4303 acceptique
1095 4229 1217 4300 depactio

96 4313 136 4365 11²
217 4317 422 4374 dluelmass
510 4319 680 4374 23nierall
707 4319 882 4374 efferataYO
973 4316 1148 4374 adnitar*

97 4397 131 4453 28
148 4401 209 4472 qua]
226 4406 270 4472 qai
290 4404 329 4456 11¹
