3092 4967
526 450 688 506 conlatio
708 450 758 519 xl,
775 450 885 508 11-11.
1203 452 1266 518 327

154 646 186 705 et
211 640 452 707 resurreetio
481 642 731 707 mortuorum.
768 656 840 705 oum
864 638 964 722 igitur
985 642 1073 706 iuxta
1094 640 1178 705 hune
1199 658 1266 703 mo·

152 746 215 809 tum
237 744 390 826 seriptum
419 744 525 809 diuina
556 742 706 809 timentes
728 744 822 810 deum
852 744 960 810 laniet
981 746 1014 810 et
1035 743 1135 809 dieat:
1156 742 1267 808 beati

152 866 288 923 omnes,
318 848 383 931 qni
411 846 555 913 timent
582 845 796 924 dominum,
825 850 858 912 et
886 846 1012 932 plenam
1040 866 1096 929 per
1121 845 1180 913 boo
1200 844 1266 911 iilis

150 950 363 1017 beatitudinem
394 950 603 1034 repromittat,
634 949 750 1017 iterum
779 956 886 1017 tamen
917 951 1011 1017 iioit:
1042 950 1164 1015 timor
1193 967 1266 1014 non

130 1056 202 1117 sest
225 1053 263 1118 in
293 1052 481 1131 euniberto,
511 1054 575 1119 sed
604 1055 789 1136 perfecta
818 1052 970 1119 raritas
999 1052 1106 1119 foras
1130 1054 1267 1120 mittit

148 1155 335 1221 timorem:
359 1154 542 1239 quoniam
564 1156 682 1222 timor
704 1174 867 1240 poenam
888 1156 1024 1235 babet,
1047 1156 1114 1240 qni
1136 1157 1266 1221 autern

147 1258 259 1324 tirnet
287 1275 361 1325 non
390 1264 449 1324 est
476 1258 678 1343 perieotus
707 1258 747 1325 in
777 1262 962 1327 raritate.
1000 1263 1033 1325 et
1054 1278 1171 1339 rursus,
1195 1252 1299 1325 osma

147 1362 254 1427 seruire
285 1363 342 1429 deo
371 1362 541 1446 gloriosum
570 1364 612 1428 sit
642 1366 673 1428 et
701 1362 840 1429 dieatur:
868 1363 1023 1428 sernite
1052 1359 1207 1428 domino
1227 1362 1267 1426 in

145 1464 298 1543 timore,
322 1470 369 1532 et:
393 1483 570 1550 magnum
599 1464 676 1534 tibi
699 1469 757 1533 est
778 1468 916 1533 noeari
945 1485 1102 1534 sernum
1124 1482 1267 1546 meum,

117 1569 188 1633 net:
209 1570 350 1635 beatus
372 1586 514 1635 seruus
536 1566 626 1649 ille,
648 1587 760 1653 quem
791 1588 877 1635 oum
898 1570 1057 1636 uenerit
1079 1566 1266 1633 dominus

146 1688 230 1737 suus
251 1674 433 1739 inueniet
455 1671 514 1738 sio
536 1672 768 1753 iaoientem,
791 1672 951 1739 tamenab
966 1671 1119 1756 apostolos
1134 1670 1265 1736 dieitur:

145 1775 213 1839 ism
243 1793 319 1840 non
352 1775 440 1841 dieo
467 1793 537 1841 uos
560 1792 713 1853 seruos,
741 1776 834 1859 qnia
860 1793 996 1842 seruus
1019 1774 1151 1841 nesoit
1173 1773 1267 1857 qnid

142 1874 261 1943 faeiat
285 1879 466 1945 dominus
488 1895 604 1944 suns:
633 1898 700 1945 nos
726 1883 858 1946 autem
881 1878 968 1945 dioo
991 1880 1154 1955 amieos,
1177 1875 1268 1960 qnia

144 1981 265 2047 onnia
289 1999 556 2064 quaeeunque
578 1982 714 2048 audini
736 2002 756 2050 a
777 1987 892 2065 patre
921 1986 1014 2048 nota
1035 1981 1114 2047 ieei
1136 1980 1266 2060 uobis,

113 2084 170 2149 net
196 2084 329 2151 iterum:
360 2102 428 2151 uos
451 2086 572 2151 amioi
594 2088 670 2153 mei
697 2086 810 2165 estis,
834 2086 867 2152 si
889 2086 1076 2152 feceritis
1100 2103 1143 2150 ea
1165 2102 1266 2169 quae

141 2189 337 2271 praeripio
360 2188 480 2254 uobis.
518 2188 633 2255 uidetis
656 2208 728 2274 ergo
750 2188 978 2271 perfectionum
1003 2188 1119 2272 gradus
1137 2206 1203 2253 esse
1218 2188 1297 2254 ‹ri-b

140 2308 239 2357 uersos
263 2292 298 2357 et
320 2292 358 2357 de
380 2292 510 2357 sxoelsie
532 2291 572 2356 ad
593 2292 758 2358 ereelsiora
781 2310 835 2358 nos
851 2310 870 2358 a
884 2293 1008 2358 domino
1023 2290 1186 2374 pronoeari
1208 2291 1265 2365 ita

140 2392 220 2460 ntis
243 2394 299 2479 qni
321 2396 354 2459 in
376 2396 489 2461 timore
510 2394 561 2461 dei
582 2395 695 2462 beatus
712 2396 745 2460 et
758 2394 914 2478 perieetus
928 2395 1075 2472 extiterit,
1100 2392 1265 2459 ambulans
1377 2468 1382 2477 ,

141 2495 218 2561 saut
233 2497 385 2579 seriptum
402 2498 450 2562 est
466 2499 508 2564 de
530 2498 682 2565 uirtute
703 2498 742 2564 in
765 2498 955 2564 uirtutem
979 2499 1063 2563 etde
1077 2496 1265 2580 perfectione

110 2599 176 2665 sad
205 2598 305 2666 aliam
336 2600 566 2683 perfectionem,
599 2602 632 2666 iri
666 2604 714 2667 est
749 2602 788 2667 de
820 2602 933 2666 timore
967 2604 1005 2666 ad
1034 2619 1121 2683 spem
1148 2600 1265 2664 mentis

140 2702 301 2769 alaeritate
330 2703 548 2783 conscendens,
578 2704 616 2769 nd
643 2703 814 2769 beatiorem
836 2703 936 2769 denuo
958 2706 1090 2783 statum,
1114 2702 1195 2786 quod
1217 2706 1266 2767 est

139 2807 260 2885 sanitas
278 2808 438 2884 innitetur,
455 2810 487 2871 et
504 2809 557 2890 qui
572 2808 669 2873 inerit
691 2805 842 2872 fidelis
863 2824 1002 2873 seruus
1018 2824 1062 2873 ao
1077 2806 1265 2889 prudens,

139 2908 175 2971 ad
197 2910 356 2975 amicitiae
379 2909 579 2977 sodalitatem
601 2913 634 2975 et
657 2910 856 2993 adoptionem
876 2912 1016 2976 transeat
1037 2910 1183 2976 tiliorum.
1216 2906 1296 2974 ss·6

140 3014 274 3077 nundum
306 3013 390 3079 huno
420 3030 491 3097 ergo
525 3032 651 3079 sensnm
684 3014 792 3079 nostra
825 3030 948 3097 quoque
981 3016 1029 3079 est
1053 3012 1267 3095 intellegenda

109 3114 307 3179 ssententia:
340 3134 403 3181 non
433 3134 493 3199 quo
522 3116 816 3199 contemplationem
849 3121 1015 3200 perpetuae
1042 3116 1128 3181 iliius
1151 3132 1266 3198 poenae

139 3211 188 3275 uel
210 3212 410 3283 beatissimae
431 3218 650 3285 retributionis
674 3238 751 3301 qnae
765 3219 997 3303 repromittitur
1013 3218 1129 3283 sanetis
1144 3218 1262 3283 nullius

140 3317 376 3393 pronuntiemus
411 3337 477 3385 esse
512 3322 673 3401 momenti,
709 3322 762 3386 sed
797 3322 880 3405 qnia,
914 3339 986 3387 eum
1014 3321 1080 3386 sint
1107 3321 1204 3385 utiles
1233 3322 1265 3386 et

239 3534 433 3601 amram
536 3541 766 3607 4110n.4‚18
869 3542 1050 3611 8Psa,11
1153 3544 1267 3599 amai.

137 3617 179 3684 49,
193 3618 210 3673 6
224 3618 317 3685 (m)
403 3622 437 3677 10
448 3622 499 3677 bit.
512 3623 555 3689 24,
566 3624 600 3679 46
686 3628 790 3682 121011.
803 3630 844 3696 15,
857 3631 960 3685 14-15
1047 3630 1113 3685 151.
1127 3646 1149 3685 e
1163 3630 1196 3685 18

139 3704 172 3759 19
189 3703 329 3770 Passa
433 3706 647 3773 arnensis
746 3714 832 3768 1301.
851 3712 913 3769 Gal.
930 3715 993 3781 4‚5

189 3912 203 3965 1
218 3916 284 3980 post
301 3914 467 3969 mortuorum
484 3914 518 3968 br
533 3917 560 3967 Y
575 3930 635 3984 cop.
652 3918 690 3970 11
706 3916 807 3986 incepit
906 3920 925 3974 4
942 3936 995 3977 non
1013 3925 1056 3977 est
1073 3923 1155 3979 timor
1172 3924 1198 3977 P

136 3998 250 4068 irunt
268 4014 294 4067 0
404 4018 436 4071 11
458 4018 595 4073 inuenerit
617 4018 690 4074 POo
802 4021 963 4092 uigilantem
987 4026 1016 4079 st
1040 4026 1079 4080 sie
1100 4025 1150 4080 ise
1173 4030 1200 4079 Y

136 4100 277 4166 apostolus
303 4101 343 4153 Πι
447 4102 480 4157 11
505 4118 553 4157 uos
579 4120 630 4161 ont
655 4103 680 4157 0
783 4108 817 4162 13
839 4110 912 4178 suus]
930 4110 988 4165 eins
1010 4114 1036 4163 Τ
1137 4111 1170 4166 11
1187 4114 1265 4181 patre

136 4198 195 4239 meo
212 4187 277 4239 nota
293 4184 351 4240 10
426 4188 461 4241 lb
477 4202 545 4257 qnae
561 4204 611 4259 ego
629 4188 654 4242 0
731 4192 765 4245 16
782 4196 903 4262 praesepi
920 4197 947 4248 1·
1016 4197 1049 4250 18
1065 4196 1109 4250 bis
1126 4195 1197 4249 11¹0

137 4269 263 4324 extiterat
287 4270 318 4321 Π
354 4271 488 4328 exstiterit
515 4275 541 4326 P
650 4276 682 4330 19
709 4276 840 4331 soribtum
863 4277 888 4331 0
998 4280 1149 4335 uirtutibus
1171 4280 1197 4333 Ο

137 4352 171 4408 14
197 4369 260 4425 ergo
286 4370 337 4411 ose
364 4358 390 4409 1
487 4358 522 4415 15
547 4361 820 4431 oontempiationeO
918 4366 953 4420 16
978 4368 1148 4436 promittitur
1169 4366 1196 4421 0
