3092 4967
337 451 404 517 492
732 450 898 506 Iohannis
920 451 1076 506 Cassiani

340 644 451 706 amnt:
480 640 529 705 sin
560 640 664 706 autem
693 643 848 707 ueraciter
877 641 1073 725 excusabant,
1105 639 1265 706 euidenter
1298 642 1451 706 inmutasse

340 744 527 809 sententiam
550 744 789 826 conprobantur.
827 761 906 826 quaa
932 745 1041 827 utique
1064 763 1126 809 non
1148 744 1186 809 ob
1203 743 1299 809 aliam
1315 745 1452 810 credimus

341 866 467 914 eausam
499 849 645 930 spiritum
673 850 819 914 sanctum
848 847 944 913 sacris
974 847 1190 913 uoluminibus
1221 847 1381 922 indidisse,
1406 845 1452 910 nisi

341 952 379 1016 ut
400 949 473 1016 istis
495 951 675 1016 erudiamur
696 951 847 1034 exemplis
869 951 903 1015 in
927 949 1160 1016 definitionibus
1186 950 1301 1016 nostris
1323 969 1382 1015 non
1396 967 1453 1033 per·

340 1056 489 1122 tinaciter
516 1073 707 1140 permanere,
738 1057 793 1121 sed
823 1073 874 1120 eas
905 1055 1034 1121 arbitrio
1064 1057 1168 1120 nostro
1199 1056 1309 1120 debers
1330 1052 1477 1118 subicerer
1510 1045 1511 1112 l

342 1162 375 1224 et
404 1159 450 1224 ita
478 1158 628 1225 iudicium
650 1160 794 1225 nostrum
817 1161 856 1226 ab
880 1159 966 1224 omni
989 1157 1069 1244 legis
1091 1158 1217 1224 uinculo
1239 1159 1373 1225 liberum
1394 1175 1453 1224 con·

342 1280 476 1344 seruere,
499 1265 535 1326 nt
556 1267 737 1345 promptum
764 1264 806 1327 sit
827 1263 867 1327 ad
890 1263 1082 1345 sequendum
1099 1280 1296 1346 quocumque
1311 1261 1453 1328 uocauerit

343 1365 470 1431 salubre
492 1366 668 1445 consilium,
690 1385 747 1431 nec
768 1365 896 1431 differat
918 1369 973 1432 aut
996 1367 1118 1431 recuset
1140 1367 1180 1432 ad
1203 1369 1234 1432 id
1256 1367 1339 1449 quod
1359 1365 1452 1430 utilius

343 1469 491 1535 discretio
520 1469 666 1535 salutaris
695 1469 853 1535 inuenerit
875 1470 992 1554 absque
1014 1469 1082 1536 nlla
1103 1470 1304 1535 cunctatione
1328 1469 1451 1534 transire.

290 1569 333 1632 10
343 1574 377 1637 et
397 1572 436 1636 ut
458 1573 497 1637 ad
520 1570 704 1638 sublimiora
725 1573 826 1637 adhuc
848 1573 1051 1638 ascendamus
1067 1573 1217 1657 exempla,
1233 1573 1453 1638 decumbentem
1461 1589 1478 1629 o

341 1676 375 1742 in
397 1676 477 1741 lecto
499 1695 603 1761 regem
626 1675 790 1742 Ezechiam
813 1679 964 1760 grauique
992 1676 1187 1759 aegritudine
1213 1676 1404 1742 laborantem
1424 1693 1453 1738 er

342 1796 474 1863 persona
503 1780 552 1844 dei
581 1779 690 1844 Esaias
712 1779 863 1863 propheta
889 1779 1016 1845 adorsus
1039 1784 1087 1845 est
1111 1779 1229 1846 dicens:
1252 1779 1452 1846 haecdicit

342 1884 537 1948 dominus:
562 1882 727 1966 dispone
749 1882 881 1947 domui
903 1889 1007 1961 tuae,
1031 1884 1122 1965 quia
1144 1885 1325 1948 morieris
1348 1888 1400 1956 tu,
1421 1885 1452 1945 et

343 2004 419 2050 non
456 1985 578 2053 uiues.
623 1988 662 2051 ct
695 1987 913 2066 conuertit,
951 1987 1064 2070 inquit,
1101 1987 1292 2052 Ezechias
1326 1986 1452 2051 faciem

343 2107 450 2154 snam
473 2088 517 2154 ad
538 2091 747 2173 parietem,
771 2094 808 2154 et
831 2091 963 2155 orauit
984 2092 1030 2155 ad
1055 2089 1269 2166 dominum,
1293 2089 1477 2155 etdinit:1r

342 2193 502 2258 obsecro
525 2193 693 2271 domine,
715 2195 907 2258 memento
930 2211 1074 2276 quaeso
1091 2195 1281 2276 quomodo
1298 2193 1450 2258 ambula·

342 2296 465 2361 nerim
495 2315 621 2362 coram
650 2299 688 2362 te
715 2299 753 2362 in
784 2297 976 2376 ueritate,
1008 2301 1040 2361 et
1069 2297 1108 2361 in
1138 2297 1252 2361 corde
1278 2297 1450 2381 perlecto,

342 2399 380 2464 et
402 2401 500 2483 quod
522 2402 661 2466 bonum
684 2404 743 2466 est
765 2401 803 2465 in
827 2400 1075 2483 oculistuis,
1092 2399 1263 2466 fecerim.
1295 2398 1449 2465 etileuit

341 2503 535 2569 Ezechias
572 2504 679 2570 fletu
716 2522 867 2588 magno.
913 2509 982 2587 post
1020 2523 1100 2587 quae
1137 2523 1245 2570 rursus
1282 2502 1392 2570 dicitnr
1418 2501 1449 2566 ad

342 2608 489 2671 eundem:
505 2613 726 2685 reuertere,
750 2613 789 2672 et
812 2607 1082 2673 dicEaechiae
1098 2608 1182 2690 regi
1199 2605 1476 2673 Iudadicensre

342 2709 438 2775 haec
466 2711 565 2777 dicit
594 2713 778 2777 dominus
810 2714 902 2777 deus
927 2711 1052 2777 Dauid
1083 2711 1211 2794 patris
1233 2711 1308 2777 tui:
1330 2707 1448 2775 audiui

342 2814 565 2879 orationem
594 2818 717 2894 tuam,
749 2814 832 2880 uidi
863 2815 1071 2882 lacrimam
1093 2819 1216 2880 tuam:
1239 2817 1277 2880 ot
1299 2831 1381 2881 ecoe
1400 2811 1448 2877 ad·

342 2915 463 2982 iciam
485 2934 600 2999 super
621 2917 706 2982 dies
728 2922 817 2983 tuos
840 2918 1065 3001 quindecim
1089 2937 1225 2984 annos:
1248 2921 1447 2985 etdemanu

343 3021 449 3105 regis
480 3022 733 3104 Assyriorum
762 3023 945 3090 liberabo
975 3023 1028 3104 te,
1059 3026 1096 3087 et
1127 3022 1341 3088 ciuitatem
1368 3021 1447 3085 hanc

341 3127 549 3207 protegam
582 3130 746 3208 propter
780 3145 854 3205 me,
889 3131 924 3191 et
957 3127 1121 3209 propter
1153 3125 1280 3192 Dauid
1314 3139 1473 3191 serrone

291 3224 328 3287 11
341 3247 476 3294 meum.
515 3228 590 3311 quid
613 3228 789 3295 euidentius
812 3229 870 3295 hoc
893 3230 1083 3309 testimonio,
1107 3247 1167 3312 quo
1190 3227 1446 3296 misericorditem

340 3330 468 3413 pietatis
490 3332 610 3398 intuitu
633 3333 754 3397 mauult
778 3332 921 3400 dominus
943 3351 1036 3398 suum
1059 3351 1183 3400 cassare
1205 3351 1376 3398 sermonem
1395 3329 1446 3394 eta

341 3436 529 3518 praestituto
559 3437 670 3502 mortis
701 3435 835 3501 termino
866 3436 1044 3519 quindecim
1075 3435 1167 3502 annis
1188 3438 1291 3502 uitam
1312 3431 1446 3518 precantis

343 3696 427 3766 (LXX
445 3613 479 3667 12
502 3611 541 3669 IV
558 3612 624 3682 Reg.
648 3614 690 3680 20,
715 3615 782 3670 1-3
801 3613 894 3686 (Lxx)
919 3615 1001 3683 (Esai.
1024 3613 1066 3682 38,
1086 3616 1164 3683 1-6)
1268 3615 1304 3669 20
1324 3615 1343 3669 1.
1359 3627 1378 3666 a
1395 3605 1449 3664 5-6

428 3704 437 3764 l

395 3864 407 3917 l
432 3863 457 3916 si
480 3865 506 3914 ‘P
606 3865 764 3919 immutasse
783 3867 815 3918 ·Σ
918 3867 935 3920 2
959 3863 1193 3936 conprobabantur
1216 3866 1245 3916 Σ
1346 3863 1362 3918 3
1387 3859 1449 3914 uolo

342 3947 461 4003 minibus
478 3949 518 4000 Π1
612 3951 630 4005 5
647 3951 783 4006 subiacere
801 3953 827 4005 ‘l‘
919 3953 933 4005 7
953 3957 1085 4022 promtum
1105 3952 1165 4006 ΣΟ
1193 3951 1348 4020 prumptum
1364 3949 1395 4000 'P‘

342 4035 526 4107 quodcumque
543 4038 572 4088 Σ
673 4039 767 4108 daut]
786 4039 835 4093 hac
854 4041 879 4093 Ο
982 4041 1014 4094 11
1032 4055 1123 4110 regem
1141 4055 1193 4094 om.
1210 4041 1237 4090 ‘l’
1337 4035 1367 4089 12
1383 4031 1450 4086 cecina

340 4124 369 4174 Σ
396 4139 490 4191 esayae
512 4123 538 4176 Ο
640 4125 746 4192 proieta
767 4125 799 4177 Π
900 4126 934 4180 14
955 4123 1050 4194 inquid
1068 4126 1094 4179 Ο
1198 4125 1231 4180 15
1249 4124 1284 4178 ad
1301 4127 1363 4177 ante
1378 4117 1449 4173 domi-

339 4225 404 4263 nnm
423 4225 472 4262 om.
490 4211 519 4260 Σ
616 4211 747 4265 addeum
766 4213 820 4265 ΤΟ
924 4211 956 4264 l'l
974 4215 1001 4264 et
1019 4211 1094 4265 corde
1112 4213 1154 4266 ‘Pr
1260 4209 1292 4264 18
1309 4207 1396 4263 iacit*

341 4293 375 4350 19
401 4294 463 4349 fleto
488 4295 529 4346 11ι
631 4295 666 4350 22
691 4296 815 4351 lacrimas
843 4299 904 4350 tuas
930 4298 1004 4350 ΤΟΥ
1105 4297 1139 4350 ‘24
1166 4295 1320 4350 assiriorum
1345 4291 1414 4346 TO·

341 4381 375 4435 27
393 4398 409 4434 a
427 4382 539 4434 wl’O:
568 4381 601 4436 ad
620 4383 692 4433 ΣΠι
795 4382 830 4438 28
847 4383 1021 4450 praestitutos
1039 4383 1068 4433 Π
