3092 4967
510 443 673 500 Conlatio
694 443 783 508 XVII,
801 443 912 501 25-28.
1211 447 1275 514 497

136 654 198 701 ons
237 641 289 700 est
327 635 551 700 transeundum
588 651 667 714 quae
702 634 938 714 superueniente
976 633 1096 698 saniore
1134 637 1274 700 tractatu

135 739 254 804 iustior
278 737 374 804 inerit
396 737 540 803 indicata.
574 737 690 801 rectius
710 735 795 800 enim
811 739 860 800 est
875 739 1016 802 nostrum
1032 755 1089 802 nos
1105 739 1273 820 praeterire

134 861 320 908 sermonem
355 861 448 924 quam
486 840 532 906 rei
568 839 751 905 salubrioris
788 859 824 906 ac
861 839 931 922 pise
967 840 1071 905 subire
1106 839 1274 906 iacturam

135 945 279 1028 denique
309 962 481 1028 numquam
510 944 714 1011 rationabiles
738 961 775 1010 ao
797 945 941 1026 probatos
970 947 1073 1027 patres
1103 947 1196 1010 duros
1218 946 1275 1012 ant

111 1046 371 1116 sinrenocabilss
392 1048 425 1112 in
448 1047 627 1112 huiusmodi
657 1045 890 1112 delinitionibus
914 1046 1009 1112 brisso
1031 1049 1272 1124 reminiscimur,

133 1151 192 1216 sed
216 1149 310 1216 uelut
330 1169 433 1216 ceram
456 1151 569 1234 calore,
590 1152 638 1215 ita
659 1170 709 1215 eos
725 1151 845 1216 ratione
860 1150 1000 1216 mollitos
1015 1151 1047 1215 et
1061 1150 1273 1218 intercedente

133 1254 317 1320 salubriore
332 1255 459 1320 consilio
475 1253 658 1319 melioribus
673 1253 817 1335 partibus
832 1253 900 1318 sine
913 1253 1119 1320 haesitatione
1132 1256 1272 1322 cessisse.

133 1375 355 1440 quoscumque
390 1359 497 1425 eutem
533 1359 673 1426 uidimus
709 1359 940 1426 delinitionibus
973 1361 1037 1426 suis
1071 1359 1273 1441 pertinaciter

132 1461 314 1538 inhaerere,
350 1461 586 1529 inrationabiles
623 1481 744 1545 semper
773 1463 973 1546 probabimus
1005 1481 1042 1528 ac
1075 1462 1272 1530 discretionis

97 1566 295 1648 reexpertss.
1175 1563 1176 1568 ’

178 1684 321 1751 XXVII.
350 1701 551 1751 onmem:
582 1683 743 1764 Quantum
774 1685 814 1750 ad
845 1686 926 1750 banc
955 1684 1091 1767 pertinet
1119 1685 1274 1750 rationem

132 1807 220 1870 quae
244 1787 409 1853 euidenter
430 1790 614 1871 copiosoque
636 1788 759 1873 digesta
773 1789 831 1867 est,
854 1789 933 1853 nihil
949 1789 1071 1872 oportet
1085 1789 1274 1854 monachum

131 1891 283 1966 definire,
322 1909 362 1955 ne
396 1893 453 1956 ant
487 1893 717 1976 praeuaricator
749 1893 931 1958 inueniatur
963 1896 1019 1956 aut
1052 1892 1202 1974 pertinax.
1241 1893 1274 1956 st

132 1994 194 2059 ubi
219 1993 302 2059 illud
325 1993 512 2060 Psalmistae
534 2013 685 2078 ponemus
708 1994 881 2077 eloquium:
905 1995 1041 2060 iuraui
1049 2043 1059 2076 ,
1082 1997 1120 2060 et
1143 1996 1273 2061 statui

97 2095 347 2164 acustodire
369 2098 522 2164 indicia
543 2099 735 2163 iustitiae
764 2099 878 2165 tuas?
908 2100 980 2180 qnid
1011 2100 1060 2164 est
1082 2100 1165 2163 enim
1187 2097 1274 2165 aliud

133 2203 249 2266 iurare
270 2201 303 2264 et
323 2204 463 2265 statuere
485 2216 580 2283 quam
602 2200 733 2265 definita
754 2201 949 2266 inmobiliter
979 2201 1156 2266 custodiro?

176 2319 336 2387 xxvnu
358 2337 497 2386 rosnsrr:
527 2321 594 2388 Nos
621 2340 683 2386 non
706 2321 743 2386 de
766 2321 990 2404 principalibus
1013 2320 1180 2404 mandatis,
1204 2323 1273 2386 sine

133 2425 258 2506 quibus
280 2441 339 2488 non
361 2425 465 2507 potest
486 2427 594 2489 nostra
615 2423 700 2489 salus
715 2423 842 2489 omnino
858 2423 1038 2502 subsistere,
1055 2425 1115 2489 ista
1129 2425 1272 2490 decerni-

132 2545 224 2605 mus,
248 2525 304 2590 sed
326 2525 363 2592 de
385 2527 434 2592 bis
456 2543 535 2609 quae
557 2525 623 2591 sine
652 2526 789 2608 periculo
812 2527 916 2592 status
939 2528 1037 2591 nostri
1059 2525 1111 2591 uel
1133 2526 1272 2592 relaxare

96 2646 308 2714 „possumus
330 2631 382 2694 nel
403 2635 527 2695 tenere:
556 2631 594 2694 nt
614 2634 691 2711 puta
712 2630 751 2694 de
772 2628 937 2694 inremisso
967 2631 1066 2712 rigore
1089 2629 1210 2711 ieiunii,
1233 2629 1273 2694 do

132 2731 208 2798 uini
245 2733 313 2798 sino
349 2733 409 2798 olei
446 2736 596 2817 perpetua
632 2731 834 2812 abstinentia
870 2732 909 2798 de
942 2750 1105 2815 progressu
1140 2733 1272 2799 cellulas

133 2835 270 2920 penitus
300 2836 478 2919 cohibendo,
512 2837 551 2900 ds
580 2835 723 2901 lectionis
756 2853 812 2901 seo
846 2836 1060 2902 meditationis
1091 2835 1273 2902 incessabili

132 2938 287 3024 iugitate,
320 2956 397 3023 quae
426 2940 495 3003 sine
517 2939 638 3004 iactura
664 2938 864 3020 professionis
888 2957 923 3004 ao
947 2939 1097 3022 propositi
1119 2942 1217 3005 nostri
1240 2943 1273 3005 st

132 3041 278 3108 exerceri
292 3059 363 3107 cnm
378 3041 506 3106 libuerit
519 3046 650 3125 possunt
662 3046 694 3106 ot
706 3060 778 3106 cum
794 3060 917 3108 necesse
934 3042 1029 3107 luent
1043 3041 1272 3126 inreprehensi-

96 3145 254 3214 sebilitsr
274 3145 495 3227 praetermitti.
529 3148 667 3210 ceterum
684 3162 779 3226 snper
795 3144 997 3210 obseruantia
1018 3145 1145 3210 illorum
1160 3147 1302 3229 princi-2

133 3248 263 3331 palium
297 3249 516 3314 mandatorum
550 3249 802 3313 constantissime
836 3248 1043 3314 definiendum
1076 3254 1125 3314 est
1154 3267 1191 3313 ao
1217 3267 1273 3332 pro

134 3353 191 3417 lris
223 3353 318 3417 etiam
350 3369 444 3433 mors,
473 3351 501 3416 si
530 3369 653 3418 necesse
684 3351 790 3428 fuerit,
821 3369 882 3417 non
912 3352 1052 3428 uitanda,
1081 3370 1137 3435 pro
1159 3353 1273 3434 quibus

136 3455 337 3520 inmobiliter
352 3457 401 3520 est
415 3455 596 3520 dicendum:
611 3454 745 3519 iuraui
767 3457 805 3518 et
828 3454 966 3522 statui.
1000 3455 1080 3538 qnod
1095 3455 1163 3520 tisri
1178 3457 1272 3522 debet

136 3578 198 3642 pro
230 3560 371 3625 custodia
400 3558 552 3635 caritatis,
583 3576 636 3640 pro
666 3577 729 3640 qua
758 3562 929 3640 spernanda
957 3563 1031 3623 sunt
1054 3559 1207 3640 uniuersa,
1232 3579 1271 3625 ne

251 3763 282 3816 14
300 3761 344 3816 Ps.
364 3761 422 3826 118,
443 3763 492 3816 106
596 3764 630 3818 28
649 3764 667 3815 1.
686 3779 707 3817 c.

195 3953 210 4006 1
241 3951 342 4006 seniore
364 3953 390 4005 0
491 3952 509 4007 4
532 3953 589 4022 ant]
616 3969 646 4006 ac
670 3955 695 4005 Τ
796 3955 813 4008 5
837 3951 1020 4009 huiuscemodi
1044 3955 1069 4007 0
1171 3955 1188 4010 6
1212 3970 1271 4008 cera

142 4039 202 4092 ΤΟ
288 4037 326 4108 st]
344 4040 372 4091 et
390 4040 421 4092 nt
439 4040 467 4090 Σ
552 4038 727 4108 9probamns
745 4041 774 4092 Σ
799 4039 969 4108 probabimus
987 4041 1013 4095 Ο
1100 4040 1132 4095 10
1149 4045 1271 4109 expertos

143 4127 179 4176 Τ·
280 4124 310 4177 11
329 4123 373 4193 ad]
392 4125 421 4178 in
439 4126 465 4176 ‘l'
564 4125 597 4179 14
613 4125 739 4194 ponimns
757 4127 784 4176 Τ
884 4125 915 4178 11
934 4125 1157 4196 principabilibus
1175 4127 1203 4177 Σ

143 4208 176 4263 lt
194 4207 238 4261 nol
257 4208 383 4277 relaxaro]
402 4209 446 4263 nal
464 4209 601 4264 retrahere
618 4212 657 4262 ‘P’
673 4211 704 4263 io
715 4225 771 4264 ros.
864 4211 898 4265 20
915 4214 1011 4281 utpute
1029 4213 1055 4264 Τ
1136 4213 1169 4265 21
1188 4211 1271 4266 cellas

143 4293 221 4347 'Por
316 4295 481 4349 aamercort
499 4296 570 4365 cnm]
588 4295 633 4350 tio
651 4295 753 4351 <imisit
771 4298 798 4348 Τ
887 4298 991 4366 possint
1010 4299 1038 4349 Σ
1130 4299 1165 4352 ab
1182 4299 1271 4352 obser·

142 4381 308 4434 bantiamO

191 4483 273 4540 1111.
308 4501 369 4543 cuo.
384 4504 403 4543 s.
1132 4487 1166 4541 32
