3092 4967
450 462 458 534 1
502 470 905 544 111111111111-11.
949 481 951 486 ·
995 483 997 488 ·
1204 481 1269 550 499

141 663 178 728 ut
207 681 244 728 ea
273 678 354 748 quae
381 663 480 743 licito,
508 663 609 730 immo¹
633 665 729 731 etiam
757 664 960 732 landabiliter
994 684 1066 733 cum
1095 671 1269 755 gratiarnm

142 767 267 832 actione
289 774 487 851 praesumere
508 763 670 853 potuisset,
692 770 719 834 si
740 769 909 836 1111111111
931 770 1064 836 tortasse¹
1087 776 1267 857 conpulerit,

141 871 229 936 uelut
260 871 469 953 transgressor
497 871 657 954 percipere
686 871 896 955 conpellatur*
912 889 982 938 cnm
1005 876 1269 956 praeuaricatione

139 974 273 1057 peccati.
311 973 377 1039 nbi
400 973 503 1039 onim
525 992 598 1040 non
621 975 680 1040 ast
701 975 779 1055 lex,
803 995 872 1042 nec
892 977 1204 1061 praeuaricatio.

117 1205 131 1244 a
182 1181 254 1244 Hac
286 1179 461 1246 beatissimi
493 1179 604 1263 Ioseph
638 1181 848 1272 institutione
877 1182 971 1266 atque
1004 1182 1147 1250 doctrina
1179 1185 1302 1252 111112

140 1281 251 1347 diuino
274 1284 397 1349 oraculo
420 1283 596 1350 confirmati
618 1283 651 1350 in
674 1287 817 1370 Aegypto
840 1279 977 1362 residere
1000 1285 1180 1354 maluimus.
1214 1290 1267 1356 sed

137 1386 217 1452 licet
240 1405 353 1471 parum
375 1388 523 1473 deinceps
552 1387 591 1454 ds
610 1388 720 1456 nostra
745 1407 883 1458 essemus
893 1391 1110 1482 promissione
1132 1393 1268 1477 solliciti,

138 1495 248 1556 tamen
278 1493 399 1575 expleto
428 1495 548 1576 septem
577 1509 729 1559 annornm
759 1511 888 1559 numero
910 1496 1107 1576 sponsionem
1129 1497 1269 1564 nostram

138 1596 302 1678 gratanter
332 1591 547 1681 implebimus.
605 1602 801 1663 excurrentes
841 1614 974 1681 namque
1012 1601 1051 1664 ad
1087 1600 1267 1666 coenobium

104 1698 292 1765 ronostmm'
307 1697 369 1766 illo
398 1702 462 1766 ism
490 1706 639 1784 tempore,
668 1718 729 1785 quo
759 1703 798 1768 de
828 1703 1081 1787 inpetrandoad
1108 1703 1267 1769 heremum

138 1802 244 1868 reditu
267 1803 414 1870 fiduciam
437 1806 633 1888 gerebamus,
649 1805 786 1890 primurn
803 1806 975 1873 senioribus
988 1808 1105 1872 ‘nostrie
1121 1807 1268 1874 honorem

137 1906 285 1973 debitum
317 1909 485 1975 soluimus:
515 1909 625 1976 deinde
655 1911 776 1976 animis
809 1929 926 1989 eorum,
952 1910 1014 1994 *put
1036 1929 1091 1994 pro
1125 1910 1269 1977 1111111111

135 2011 250 2077 ardore
279 2013 474 2079 creberrimis
503 2014 682 2079 litterarum
713 2017 892 2080 nostrerum
919 2013 1190 2082 satisfactionibus
1213 2035 1269 2081 ne·

135 2133 296 2202 quaquam
312 2117 437 2182 inerant
453 2117 592 2196 deleniti,
610 2118 778 2200 pristinam
794 2119 1075 2204 redintegrauimus
1093 2119 1267 2200 caritatem,

102 2220 328 2304 utsndemque
357 2221 396 2286 ad
426 2222 555 2304 plenum
584 2221 692 2289 aculeo
717 2223 841 2288 nostrae
863 2223 1037 2307 sponsionis
1060 2223 1169 2290 auulso
1192 2224 1268 2306 ipsis

136 2343 261 2407 qnoque
291 2342 362 2390 cnm
391 2325 506 2409 gaudio
535 2327 797 2409 prosequentibus
828 2327 868 2392 ad
890 2326 1070 2394 Scitioticae
1092 2327 1268 2393 solitudinis

135 2429 260 2494 secreta
281 2428 500 2495 remeauimus.

179 2721 273 2785 Hanc
302 2717 401 2795 nobis,
425 2737 442 2782 o
464 2717 566 2784 sancti
597 2719 719 2798 fratres,
749 2718 931 2784 inlustrium
954 2723 1080 2801 patrum
1104 2719 1300 2791 scientiam3

136 2828 234 2906 atque
265 2822 438 2887 doctrinam
468 2822 574 2886 nostra
602 2824 639 2886 ut
667 2822 772 2905 potuit
794 2821 991 2888 elucubranit
1013 2823 1151 2890 inscitia:
1176 2843 1268 2907 quam

98 2925 267 2992 roetiamsi
291 2925 429 2990 incultus
452 2923 582 2990 forsitan
605 2944 706 2991 sermo
729 2924 872 2990 confudit
893 2925 996 3008 potius
1019 2945 1112 3010 quam
1128 2927 1268 3011 digessit,

136 3049 254 3114 quaeso
287 3049 326 3094 ne
365 3029 490 3094 laudem
527 3029 699 3111 insignium
736 3030 876 3094 uirorum
913 3029 1109 3112 reprehensio
1146 3035 1269 3096 nostrae

136 3132 331 3198 rusticitatis
355 3134 494 3197 euacuet.
530 3132 630 3197 tutius
652 3131 806 3214 siquidem
830 3132 920 3196 nobis
943 3133 977 3197 in
992 3137 1156 3216 conspectu
1171 3135 1268 3200 nostri

137 3238 254 3303 iudicis
276 3235 383 3302 uisum
405 3238 453 3301 est
476 3237 633 3301 doctrinae
662 3235 755 3300 huius
781 3236 1044 3320 magnificentiam
1068 3237 1120 3302 uel
1142 3237 1268 3302 incultis

138 3341 335 3407 sermonibus
368 3339 497 3424 prodere
533 3357 628 3420 quam
665 3339 766 3417 silere,
804 3339 917 3422 quippe
950 3357 1021 3404 curn
1055 3343 1086 3404 et
1118 3339 1269 3422 profectui

101 3444 274 3526 relucteris,
311 3445 339 3508 si
377 3441 604 3510 sublimitatem
637 3459 786 3506 sensuum
823 3444 1058 3524 contempletur,
1096 3444 1155 3508 hoc
1187 3443 1268 3526 quod

138 3547 290 3631 inperitia
311 3546 411 3611 nostri
433 3545 587 3611 sermonis
609 3543 778 3610 offenditur
802 3546 907 3610 obesse
930 3564 993 3610 non
1007 3547 1115 3630 possit,
1132 3550 1164 3613 et
1179 3547 1268 3612 nobis

241 3779 259 3831 4
277 3777 352 3831 som.
370 3777 396 3843 4,
417 3777 449 3831 rs

189 3995 207 4048 5
229 4010 261 4048 ac
284 3999 311 4046 Σ
336 3992 384 4046 hec
408 3994 433 4046 Ο
536 3990 602 4045 haec
623 3989 776 4044 beatissimi
796 3991 889 4059 ioseph
908 3993 968 4060 expl
987 3991 1101 4045 conlatio
1120 3989 1268 4044 definiendo

136 4081 179 4146 Π,
207 4081 239 4134 ise
261 4096 314 4149 qao
333 4081 401 4148 ptus
422 4095 505 4148 quum
529 4076 647 4132 dimidiu
664 4093 734 4145 pars
753 4077 876 4147 paginae
893 4077 1000 4145 prioris
1017 4077 1151 4142 11111120
1168 4081 1268 4131 ettota

134 4168 247 4237 pepios
263 4167 398 4235 posterior
415 4181 522 4220 meaos
538 4170 604 4218 sont
621 4163 733 4217 relictos
833 4163 1003 4217 6111111111
1021 4164 1049 4214 Σ
1152 4160 1268 4215 131111-

140 4252 263 4306 berrimis
290 4252 315 4305 0
437 4253 470 4304 14
496 4250 735 4318 retiutegrauimus
763 4249 791 4299 Σ
909 4249 943 4302 lb
968 4247 1145 4317 responsionis
1171 4247 1200 4298 Σ

140 4339 174 4392 19
199 4339 368 4393 elucrubauit
394 4339 422 4389 Σ
533 4337 567 4390 22
592 4336 678 4389 totius
705 4333 730 4388 0
840 4334 873 4388 24
901 4351 981 4404 quum
1010 4335 1034 4387 Ο
1146 4333 1180 4388 25
1206 4348 1268 4388 cnu-

139 4425 273 4494 plectetur
289 4425 318 4475 Σ

1112 4525 1167 4579 32*
