3092 4967
710 452 874 506 iohannis
895 452 1053 505 Cassiani

824 1150 942 1235 XXII.

322 1372 591 1472 CONLATIO
625 1372 857 1469 ABBATIS
888 1370 1146 1469 rfluonnu
1178 1370 1428 1469 SECVNDA.

551 1595 605 1660 nn
636 1593 875 1661 uouuvuurs
908 1592 1217 1661 runrsrouuuus.

759 1832 1007 1917 CAPITVLA.

429 2006 452 2070 Ι.
477 2008 522 2071 De
545 2007 657 2072 iterato
680 2008 718 2071 ad
735 2006 879 2072 abbatem
909 2008 1068 2073 Thoonem
1083 2007 1186 2072 reditu
1202 2007 1306 2072 nostro
1320 2007 1455 2087 eiusquss

400 2123 406 2137 ·
474 2109 695 2175 exhortatione.

412 2212 452 2278 11.
476 2212 736 2279 Commemoratio
769 2212 1022 2296 interrogationis
1050 2218 1184 2288 nostrae,
1214 2230 1271 2277 our
1298 2212 1428 2277 maiorem

474 2315 694 2381 abstinentiam
724 2315 824 2381 maior
852 2316 1011 2381 interdum
1039 2316 1140 2381 earnis
1166 2315 1349 2399 inpugnatio
1368 2332 1429 2378 oon·

475 2421 631 2502 sequatur.
1512 2499 1513 2512 ἵ

394 2520 454 2586 III.
479 2522 568 2602 Quod
584 2522 702 2605 triplioi
717 2524 839 2588 ratione
856 2523 1019 2605 proueniat
1037 2523 1184 2605 genitalis
1197 2521 1301 2586 fluxus
1316 2521 1428 2605 egestio.
1438 2549 1456 2585 o
1512 2521 1513 2608 J

377 2624 455 2690 IIII.
478 2626 698 2711 iuterrogatio,
721 2646 761 2691 an
784 2626 824 2691 ad
850 2627 1079 2691 sacrosanctam
1100 2627 1336 2692 oonmnnionem
1356 2640 1429 2689 aeuo·

476 2728 664 2793 dereliceat
687 2732 839 2794 nocturna
862 2728 1016 2792 inlusione
1038 2727 1186 2810 pollutos.

415 2829 453 2893 V.
477 2830 657 2913 Responsio,
681 2832 803 2914 quando
818 2835 942 2896 reatum
956 2830 1120 2920 contrahat
1135 2830 1239 2912 passio
1255 2825 1429 2895 dormientis.

398 2930 453 2996 Vl.
477 2932 564 3012 Quod
594 2952 826 3017 nonnumquam
854 2934 951 2998 otiam
979 2932 1098 2999 inimici
1120 2932 1255 2999 faotione
1277 2932 1351 2997 haee
1369 2943 1429 2996 oon·

475 3036 577 3120 tingat
601 3037 724 3104 inlusio.
1437 3061 1454 3098 o

382 3136 451 3202 VII.
474 3137 563 3218 Quod
600 3157 770 3223 numquam
811 3141 941 3224 dignum
978 3160 1011 3204 se
1048 3140 1253 3205 conmunione
1289 3134 1429 3203 dominia

475 3244 628 3325 quispiam
652 3243 763 3311 debeat
790 3244 935 3310 iudicare.

363 3342 451 3408 VIII.
475 3343 629 3427 Obieetio,
646 3364 681 3411 eo
697 3349 777 3428 quod
789 3364 897 3411 omnes
908 3345 1064 3411 dominioa
1076 3343 1294 3411 communione
1305 3338 1429 3425 ptinendi

475 3448 548 3522 sint,
571 3450 599 3513 si
622 3449 727 3514 nullus
750 3453 798 3513 est
823 3447 940 3531 absque
960 3449 1096 3531 peooato.

346 3546 451 3614 VIIII.
474 3548 654 3633 Responsio,
683 3568 718 3617 eo
746 3550 828 3634 quod
855 3550 949 3615 multi
977 3552 1076 3615 saneti
1098 3568 1164 3615 esse
1196 3550 1324 3632 possint,
1351 3558 1454 3613 nenos

474 3655 578 3718 tamen
601 3654 717 3737 absque
739 3658 867 3736 peouato
889 3654 949 3720 nisi
971 3651 1124 3718 Christus.

413 3752 451 3819 X.
475 3752 562 3833 Quod
599 3756 683 3822 solus
719 3756 804 3821 iilius
838 3756 889 3822 dei
921 3756 1037 3838 absque
1070 3755 1134 3819 ullo
1167 3755 1289 3835 peceati
1318 3750 1428 3815 uoluere

475 3858 589 3925 uicerit
615 3864 846 3943 temptatorem.

373 4132 390 4187 6
416 4132 579 4189 exortatione
606 4134 686 4189 BFO
796 4135 811 4187 1
838 4150 907 4203 quur
933 4133 988 4190 ΒΟ
1095 4132 1112 4187 8
1138 4130 1314 4201 subsequatur
1336 4126 1372 4197 iio

325 4220 356 4274 11
380 4224 575 4274 sacrosanctum
600 4218 659 4274 BF
768 4220 800 4276 12
824 4220 943 4291 pollutus
967 4219 1022 4275 ΒΟ
1050 4218 1163 4289 pollutis
1185 4216 1224 4289 βυ
1325 4212 1426 4267 130011·

322 4305 442 4375 trahitpi
540 4306 573 4360 16
590 4307 733 4375 indignum
750 4306 777 4361 Ζ
872 4306 1005 4375 quispiam
1022 4304 1156 4360 dominius
1172 4303 1200 4357 Β
1299 4301 1329 4355 18
1345 4314 1371 4351 oo
1385 4311 1426 4349 ou·

324 4388 416 4446 BFO¹
513 4392 600 4446 omnis
618 4393 658 4447 K¹
760 4393 792 4446 19
811 4395 852 4447 est
868 4408 918 4447 om.
941 4394 964 4447 0
1061 4392 1093 4445 21
1112 4394 1203 4444 tamen
1220 4404 1271 4443 oue
1293 4384 1334 4453 Oti
