3092 4967
471 440 635 496 conlatio
656 439 751 507 VIIII,
768 440 880 497 ul—sa
1175 442 1238 511 283

124 650 188 698 onxn
213 632 330 698 strictis
359 631 453 698 labiis
476 630 623 716 omnique
647 633 774 699 silentio
796 632 1008 716 supplicamus
1030 648 1091 699 non
1114 650 1236 714 uocum,

123 737 171 802 sed
196 735 331 803 cordium
357 735 533 802 scrutatori
569 736 603 801 in
633 736 816 802 abscondito
842 752 977 817 oramus,
1002 737 1124 819 quaudo
1147 736 1238 803 oorde

123 842 237 905 tuntum
263 841 297 904 et
328 839 453 905 intenta
484 842 589 905 mente
623 840 789 921 petitiones
820 843 943 905 uestros
978 840 1036 906 soli
1070 840 1236 924 pandimus

123 943 181 1020 deo,
212 941 259 1007 ita
289 942 326 1007 nt
357 960 397 1007 ne
428 944 514 1024 ipsae
547 942 674 1025 quidem
712 943 862 1009 aduersae
899 942 1027 1010 ualeant
1063 943 1235 1026 potestates

102 1064 214 1129 egenus
232 1046 355 1111 nostrae
376 1046 535 1128 petitionis
557 1062 734 1127 agnosoere.
765 1048 894 1129 propter
915 1045 996 1128 quod
1019 1064 1092 1113 oum
1113 1046 1265 1113 summod

121 1151 163 1215 ut
187 1150 337 1216 orandum
364 1149 503 1232 silentio,
530 1167 593 1215 non
614 1149 716 1216 solum
738 1167 779 1215 ne
801 1148 914 1216 iratres
938 1149 1097 1217 adstantes
1119 1149 1235 1217 nostris

120 1253 243 1318 susurris
264 1252 316 1317 uel
337 1252 527 1317 elamoribus
550 1270 715 1319 anooemus
739 1254 771 1317 et
786 1251 944 1318 orantium
959 1252 1099 1319 sensibus
1115 1253 1235 1319 obstre-

119 1372 232 1436 pamus,
264 1358 319 1422 sed
346 1359 383 1422 ut
410 1357 494 1439 ipsos
523 1374 645 1439 quoque
673 1356 817 1422 iuimioos
843 1358 975 1437 nostros,
998 1356 1052 1439 qui
1073 1356 1235 1423 orantibus

118 1458 200 1523 nobis
226 1460 358 1526 maxime
386 1460 588 1538 insidiantur,
618 1461 717 1527 lateat
746 1464 869 1526 nostrae
903 1460 1065 1543 petitionis
1091 1460 1234 1526 intentio.

92 1560 162 1628 nita
180 1562 260 1627 enim
274 1564 476 1646 praeoeptum
491 1563 570 1629 illud
584 1562 792 1646 inplebimus:
815 1563 862 1629 ab
886 1582 945 1643 ea,
969 1581 1067 1648 quae
1089 1564 1234 1630 dormit

118 1668 153 1731 in
171 1669 259 1731 sinn
281 1672 365 1749 tuo,
388 1669 545 1734 custodi
568 1669 754 1735 olanstxa
776 1668 857 1733 oris
880 1669 951 1733 tui.

153 1784 295 1854 XXXVI.
327 1787 375 1853 0b
409 1788 492 1870 quod
527 1788 709 1871 frequentor
744 1789 882 1872 quidem,
919 1788 974 1853 sed
1012 1788 1149 1854 breuiter
1185 1791 1234 1852 est

118 1894 269 1974 orandum,
291 1912 331 1957 ne
351 1892 581 1957 inmorantibns
603 1891 694 1958 nobis
721 1892 858 1959 inserere
880 1892 999 1975 aliquid
1021 1895 1127 1957 nostro
1149 1890 1234 1956 oordi

117 1993 272 2062 insidiator
314 1996 413 2079 possit
456 1995 613 2060 inimious.
667 1996 753 2061 istud
791 2013 926 2078 namque
962 1996 1009 2061 est
1046 1994 1233 2061 sacrificium

89 2115 225 2181 asuerum,
248 2099 321 2181 quin
342 2098 592 2164 saorifioium
614 2099 684 2165 deo
706 2098 884 2181 spiritns
907 2100 1125 2164 oontritns:
1154 2098 1233 2163 haee

116 2201 256 2267 salutaris
277 2202 403 2282 oblatio,
425 2202 491 2269 ista
505 2204 579 2269 sunt
593 2222 672 2287 pura
691 2204 851 2285 libamina,
873 2202 960 2269 istud
984 2201 1232 2269 sacrificium

116 2304 311 2385 iustitiae,
334 2306 422 2372 istud
444 2307 691 2372 saoriiioium
721 2308 874 2383 laudis,
904 2307 962 2373 bae
985 2310 1059 2371 suut
1081 2324 1172 2371 uerae
1194 2322 1232 2371 ao

115 2408 235 2491 pingues
262 2409 392 2487 hostiae,
423 2409 488 2475 ista
515 2411 590 2475 sunt
615 2411 964 2477 holocaustomata
985 2408 1229 2487 medullata,

116 2527 185 2591 quae
212 2512 353 2578 enutritis
375 2514 407 2577 et
429 2511 605 2578 humiliatis
633 2512 775 2579 cordibus
798 2514 982 2591 offeruntur,
1009 2531 1147 2597 quaeque
1171 2510 1230 2577 bae

88 2630 169 2696 aqua
193 2614 326 2680 diximus
354 2615 519 2698 disciplina
540 2616 573 2682 st
597 2617 772 2683 intentione
801 2616 931 2699 spiritus
960 2617 1138 2683 exhibentes
1162 2614 1232 2679 sifi·

115 2717 172 2783 eaoi
201 2719 372 2800 poterimus
406 2718 527 2785 uirtute
565 2725 706 2785 eantare:
742 2720 948 2805 dirigatur
983 2722 1110 2785 oratio
1148 2738 1232 2787 mea

114 2820 208 2887 siout
228 2823 427 2889 incensum
451 2823 491 2889 in
513 2828 727 2910 oonspsotu
749 2826 830 2890 tuo:
854 2824 1031 2890 eleuatio
1053 2841 1227 2890 manuum

113 2943 272 2993 mearum
309 2926 563 2994 saoriiioium
599 2928 883 3011 uespertinum.
930 2929 1011 3011 quod
1045 2928 1139 2992 etiam
1174 2926 1260 2993 nesi

115 3030 253 3110 oportune
289 3034 464 3095 commonet
507 3031 672 3097 deuotione
708 3030 885 3114 persoluere
929 3031 1022 3097 boras
1058 3030 1157 3112 ipsius
1194 3046 1230 3094 ao

85 3132 203 3202 anoctis
231 3134 401 3201 aduentus:
431 3136 470 3200 de
499 3153 560 3218 quo
589 3136 716 3218 quidem
738 3136 815 3201 lioet
837 3153 892 3217 pro
915 3134 1082 3201 tenuitatis
1106 3134 1228 3199 nostroe

204 3356 237 3410 10
252 3355 334 3411 Mioh.
353 3357 412 3422 ut
509 3358 541 3412 15
558 3358 602 3412 Pa.
620 3356 662 3421 to,
683 3358 716 3411 19
813 3358 882 3413 161.
900 3374 922 3413 o.
940 3357 974 3411 21
1071 3356 1103 3412 ll
1122 3356 1166 3412 Ps.
1183 3356 1227 3425 49,

114 3436 144 3492 21
223 3442 422 3509 naretulo
506 3441 716 3508 alffinus

156 3644 362 3701 sumnonem
448 3647 672 3702 amensa
758 3648 945 3718 3pdimus1)
1032 3612 1215 3718 orpsru'

111 3748 257 3820 insutos
281 3766 304 3822 Ο
407 3767 422 3821 7
448 3738 565 3822 susurrus
590 3767 620 3823 D
655 3768 783 3822 susurriis
809 3769 841 3823 X
952 3770 982 3825 ll
1011 3770 1070 3823 sino
1101 3770 1124 3826 O

112 3845 141 3899 12
160 3848 232 3905 oeta
251 3868 309 3908 noa
326 3853 501 3925 dutinwat
604 3856 637 3909 13
659 3854 839 3909 imorantibus
860 3855 899 3911 W
1000 3855 1108 3925 aliquod
1129 3856 1160 3911 D

111 3951 181 4007 erse
200 3953 241 4008 12¹
344 3957 378 4013 1s
399 3958 544 4027 onasus]
567 3943 662 4014 iasine
683 3957 714 4013 n
743 3958 991 4015 suessonense
1095 3960 1127 4013 ιτ
1152 3960 1225 4015 naua

112 4037 188 4091 suu.
209 4039 295 4095 laudis
323 4041 430 4097 VD¹X2
459 4044 534 4099 istud
556 4047 599 4099 est
617 4061 639 4100 s.
658 4045 676 4102 l.
700 4044 840 4100 D²WOP
940 4045 1005 4100 baec
1025 4045 1160 4103 D¹WOP

112 4125 167 4175 flunt
182 4127 253 4193 (post
269 4127 331 4194 hus)
349 4144 400 4183 om.
417 4129 541 4187 DWOP
644 4132 677 4186 18
694 4132 804 4201 pinguis
827 4132 890 4189 V¹P
985 4131 1228 4188 heleosustum.V

111 4204 314 4270 boioonstom.0
354 4276 357 4282 ,
402 4217 434 4271 19
452 4217 591 4272 contristis
608 4216 701 4275 D¹W¹
793 4217 828 4272 20
845 4218 981 4272 exibentes
1002 4220 1041 4274 W
1124 4219 1225 4274 efiioati

28 4299 29 4372 J
111 4292 137 4345 D
228 4300 262 4354 22
283 4303 473 4370 eonspeotoO
574 4320 683 4359 manum
706 4303 757 4359 VO
860 4305 894 4360 23
912 4304 1131 4359 saorifioriiioium
1150 4304 1224 4375 (stoi)

115 4375 138 4429 V
226 4384 260 4439 24
276 4391 411 4455 oportuna
433 4388 468 4443 V¹
