3092 4967
474 467 638 525 conlatio
661 467 755 533 VIIII,
776 468 887 523 23-27.
1182 469 1245 537 273

123 676 243 726 reuersa
262 657 453 742 praeualeat.
491 675 584 740 quem
604 657 725 724 etatum
747 659 892 725 dominus
915 674 1037 743 quoqne
1052 662 1157 725 nester
1172 660 1246 727 illa·

122 782 187 829 rum
207 762 473 847 supplicationum
494 762 640 845 formula,
656 779 734 845 quas
755 762 807 827 uel
830 762 915 829 selus
938 764 970 827 in
986 763 1246 833 montesecedcue

121 868 169 933 rai
189 865 286 931 tacite
307 864 426 931 fudisse
449 864 647 942 describitur,
672 863 822 931 similiter
836 862 996 947 figurarit,
1013 884 1084 933 cum
1100 867 1134 932 in
1149 868 1245 935 orati·

122 969 187 1035 onis
219 969 332 1053 agonia
365 970 554 1034 constitutus
590 969 688 1034 etiam
719 970 828 1052 guttas
862 968 1026 1050 sanguinis
1062 970 1246 1039 inimitabili

104 1072 301 1139 sintenticnie
323 1070 464 1155 profudit
484 1071 634 1155 exemplo.

157 1194 276 1260 XXVL
304 1191 382 1272 Quia
407 1211 483 1258 uero
510 1191 612 1275 possit
638 1192 839 1258 diuersitates
862 1195 895 1259 et
916 1210 1025 1259 causas
1046 1194 1128 1277 ipsas
1149 1198 1245 1277 atque

118 1300 250 1382 origines
266 1296 526 1381 conpunctionem
542 1294 739 1379 quantalibet
754 1296 945 1379 experientia
956 1296 1116 1380 praeditus
1128 1297 1244 1365 suffici·

119 1405 392 1484 antuerpenses,
423 1399 535 1483 quibus
564 1398 762 1465 inflammata
790 1418 878 1465 mens
907 1401 1001 1483 atque
1030 1418 1176 1466 succense
1204 1400 1244 1468 ad

119 1504 271 1571 cratinum
298 1520 393 1588 puras
422 1522 458 1568 ac
485 1501 735 1569 dementissimae
764 1504 937 1569 incitetur?
970 1522 1102 1586 quarum
1136 1522 1244 1586 pauca,

90 1612 268 1691 acquantum
295 1608 490 1691 potuerimus
519 1605 558 1674 ad
586 1624 733 1690 praesens
754 1624 810 1689 per
831 1606 1102 1673 inluminationem
1126 1609 1244 1675 domiui

119 1711 282 1794 reminisci,
312 1709 447 1795 exempli
476 1710 580 1795 gratie
607 1727 823 1794 proponemus.
861 1728 1098 1794 nonnumquam
1127 1711 1244 1781 etenim

118 1814 229 1896 psalmi
256 1818 477 1898 cuiuscumque
508 1814 682 1881 uersiculos
716 1814 908 1880 occasionem
943 1814 1092 1879 cretionis
1125 1815 1243 1899 ignitae

119 1917 356 1984 decantantibus
377 1919 466 1984 nobie
487 1917 643 2000 praebuit.
671 1918 832 1983 interdum
853 1934 965 1983 canora
987 1917 1142 1985 fraternae
1157 1920 1243 1987 uocis

119 2020 287 2087 modulatio
323 2020 364 2086 ad
400 2021 557 2087 intentam
592 2020 855 2106 supplicationem
892 2022 1087 2106 stupentium
1124 2024 1243 2089 animos

89 2124 275 2191 nexmtauit.
312 2125 458 2190 nouimus
481 2142 601 2208 qnoque
624 2124 859 2190 distinctionem
881 2126 1134 2209 grauitatemque
1157 2126 1272 2209 psal-2

118 2225 207 2292 lentis
234 2228 334 2293 ctiam
362 2228 562 2295 adstantibus
594 2228 769 2310 plurimum
805 2228 975 2295 contulisse
1008 2228 1148 2295 feruoris.
1186 2249 1243 2299 nec

117 2350 175 2397 nen
203 2332 376 2398 exhortatio
404 2332 467 2398 uiri
493 2330 624 2416 perfecti
652 2332 685 2396 et
713 2331 848 2399 conlatio
881 2333 1032 2414 spiritalis
1066 2332 1242 2417 frequentor

118 2433 156 2499 ad
175 2433 350 2501 uberrimas
371 2452 477 2530 preces
499 2435 672 2501 iacentium
695 2437 793 2501 erexit
816 2434 974 2503 affectum.
1008 2435 1123 2501 scimus
1146 2438 1242 2503 etiam

118 2536 220 2603 trane
242 2558 299 2605 seu
321 2538 386 2603 cari
406 2538 575 2605 cuiuslibet
602 2538 733 2604 interitu
760 2557 823 2604 non
851 2538 956 2604 minus
978 2558 1034 2605 nos
1056 2540 1096 2605 ad
1117 2539 1242 2617 plenam

86 2642 375 2724 aucupunctionem
401 2642 498 2709 fuisse
527 2643 677 2724 raptatos
715 2641 886 2709 recordatio
914 2660 1035 2726 quoque
1062 2642 1178 2726 teporis
1204 2661 1242 2709 ac

117 2744 329 2829 neglegentiae
359 2747 484 2813 nostrae
512 2764 746 2828 nonnumquam
781 2746 870 2813 nobis
907 2746 1095 2813 salutarem
1112 2747 1241 2829 spiritus

118 2846 233 2914 inuenit
265 2849 417 2915 ardorem.
457 2849 550 2931 atque
584 2847 619 2913 in
650 2848 735 2914 hunc
761 2849 891 2915 modum
924 2848 1005 2915 nulli
1034 2849 1164 2916 dubium
1193 2853 1241 2917 est
1285 2890 1300 2913 .

117 2954 287 3018 oonaeionea
308 2952 490 3019 memoras
511 2970 574 3017 non
596 2953 713 3028 deesse,
736 2951 850 3035 quibus
864 2971 920 3035 per
935 2952 985 3018 dci
1001 2951 1137 3035 gratiam
1152 2956 1241 3035 tepor

117 3070 153 3118 aa
173 3056 377 3122 somnolentia
397 3058 575 3121 nostrarum
597 3054 754 3121 mentium
776 3056 881 3122 ualeat
904 3056 1041 3123 excitari.

84 3199 110 3240 aa
157 3174 284 3243 XXVII.
313 3176 583 3258 Quemadmodum
604 3196 678 3243 uero
704 3178 755 3243 uel
784 3175 1025 3260 quibusmodis
1055 3176 1134 3242 istae
1156 3179 1239 3259 ipsae

118 3279 354 3362 compunctiones
375 3281 414 3347 de
436 3280 559 3347 intimis
583 3281 707 3347 animae
729 3279 931 3347 conclauibns
954 3280 1160 3362 proferantur,
1177 3299 1238 3347 non

117 3381 241 3449 minoris
256 3382 457 3450 difficultatis
475 3386 524 3449 est
536 3384 693 3467 indagare.
717 3384 894 3466 nequenter
910 3382 993 3449 enim
1007 3402 1063 3467 per
1078 3382 1238 3449 ineffabile

116 3486 260 3569 modium
286 3492 320 3553 et
347 3486 547 3555 alacritatem
575 3487 705 3570 spiritus
738 3486 963 3553 saluberrimae
1001 3486 1237 3569 conpunctionis

211 3701 458 3763 teilone-mlii
559 3699 827 3765 contremet

163 3896 304 3953 amena.
320 3895 420 3953 num
513 3896 644 3966 agnose
666 3896 756 3952 oen:
783 3898 865 3966 gnos
886 3896 964 3951 u¹u¹
990 3898 1071 3965 gunea
1092 3896 1169 3951 uun

115 3978 308 4050 opcmdoto
399 3983 553 4039 bdiuireit.
577 3982 611 4037 7ι
696 3982 783 4053 adque
804 3982 881 4039 7οΡ
971 3982 1171 4051 VerigenieV

117 4065 270 4125 armemur
298 4070 324 4123 V
423 4071 442 4124 8
468 4068 606 4125 inflamato
634 4070 686 4127 VO
787 4069 874 4138 adque
904 4069 984 4125 7οΡ
1082 4070 1099 4123 9
1125 4069 1236 4123 fernint.

121 4148 148 4202 V
238 4154 271 4209 12
294 4154 433 4210 naniculis
455 4156 498 4210 1)ι
606 4156 640 4211 15
663 4154 859 4209 districtionem
882 4154 924 4209 D'
1028 4156 1061 4210 16
1082 4154 1236 4210 contulliset

118 4233 225 4294 temeres
247 4240 275 4295 V
376 4240 409 4295 1‘1
435 4240 568 4295 exortatio
589 4240 641 4295 VP
668 4240 785 4295 eucratio
812 4240 834 4296 0
935 4240 970 4295 20
992 4242 1119 4311 temperie
1146 4241 1170 4297 0

119 4320 152 4374 22
174 4326 255 4395 adque
283 4326 360 4384 VOP
462 4327 497 4381 23
524 4327 682 4381 occursionis
711 4326 740 4382 V
838 4324 873 4379 24
898 4326 1078 4381 somnulentia
1103 4327 1170 4383 12¹0

119 4404 153 4461 25
166 4410 234 4479 ipaae
249 4428 299 4468 oria
319 4412 370 4469 ΟΡ
468 4412 503 4467 28
520 4413 661 4467 alacritate
682 4412 710 4467 V

166 4510 240 4569 ml·
273 4533 333 4578 daea.
347 4536 368 4577 ι.
1101 4516 1132 4571 18
