3092 4967
460 426 623 480 Conlatio
647 425 726 493 VIII,
744 426 853 481 tlt-lt.
1156 430 1220 495 233

106 619 176 695 tuno,
197 616 329 682 summis
350 636 370 681 o
390 617 531 699 principe
548 616 747 683 tenebrarum
762 615 911 681 laudibus
926 616 1066 683 eleustus
1081 617 1219 700 maguis·

105 737 157 801 que
173 721 345 803 praeconiis
360 725 525 785 coronatus
540 719 697 787 abscessit
733 736 847 785 eurora
861 720 967 801 ithue
981 718 1249 801 superueniented

105 841 166 888 curn
188 824 291 889 omnis
314 825 354 890 ab
377 824 476 889 oculis
498 825 677 891 euanuisset
705 823 893 889 daemonum
922 821 1106 899 multitudo,
1126 820 1219 889 dubi·

105 928 166 991 tens
187 926 285 991 linter
305 928 344 992 de
365 927 542 993 adsertione
562 926 694 1011 spiritus
721 926 867 991 inmundi
891 926 1054 1010 magisque
1076 924 1108 991 id
1130 926 1218 993 ratus

85 1030 174 1111 equod
197 1030 310 1096 inolita
329 1030 562 1097 consuetudiuis
583 1048 658 1095 suae
678 1028 808 1095 fallacia
830 1028 891 1094 sibi
910 1028 1062 1095 uoluisset
1075 1026 1219 1095 inludere

103 1136 129 1197 et
147 1133 301 1201 innocenti
319 1132 417 1220 tratri
439 1134 561 1199 inurere
583 1132 701 1199 crimen
728 1132 851 1215 incesti,
878 1150 998 1197 memor
1019 1132 1218 1215 euangelicos

102 1235 274 1311 sententiae,
304 1236 386 1318 quod
415 1235 454 1301 iu
482 1236 657 1301 ueritate
681 1253 754 1301 non
785 1236 924 1319 stetit,
948 1235 1134 1319 quianon
1158 1238 1218 1303 est

101 1340 239 1404 ueritas
271 1339 314 1404 iu
347 1358 404 1405 eo:
440 1357 523 1404 cum
552 1338 732 1421 loquitur
765 1338 1029 1418 mendacium,
1064 1341 1108 1405 de
1135 1358 1217 1422 pro·

99 1440 192 1523 priis
228 1441 432 1527 loquitur,
469 1441 561 1523 quia
596 1445 758 1507 mendax
797 1441 857 1506 est
892 1446 930 1505 et
966 1442 1080 1525 pater
1113 1442 1216 1521 eius,

73 1542 251 1609 oPclusium
279 1545 371 1627 petit,
401 1544 455 1610 ubi
483 1544 575 1610 illum
603 1564 694 1627 quem
724 1545 854 1629 spiritus
884 1544 1053 1611 inmundus
1080 1546 1217 1612 adseruit

100 1664 160 1711 esse
187 1647 343 1713 deiectum
376 1653 506 1714 nouerat
539 1650 721 1715 conmorari.
760 1652 829 1716 erat
857 1649 1014 1731 siquidem
1041 1648 1091 1714 illi
1120 1650 1216 1715 etiam

99 1749 273 1817 notissimus
294 1751 402 1817 frater.
439 1771 530 1834 quem
553 1771 625 1818 cum
640 1753 831 1836 requisisset,
847 1754 993 1837 repperit,
1009 1753 1091 1836 quod
1107 1754 1215 1818 eadem

99 1858 190 1937 nocte,
219 1874 281 1937 qua
308 1854 508 1921 taeterrimus
529 1855 584 1921 ille
607 1856 741 1922 daemon
762 1858 886 1922 ruinam
909 1857 975 1922 eius
999 1874 1071 1921 suse
1095 1855 1212 1921 cohort‘

100 1957 144 2022 uel
173 1956 310 2040 principi
343 1960 512 2039 nmtierat,
545 1960 734 2025 monasterio
767 1959 899 2043 pristino
934 1961 1081 2025 derelicto
1110 1960 1215 2024 uicum

70 2060 219 2141 repetisset
251 2062 284 2126 et
317 2079 388 2127 eum
426 2062 593 2147 designata
628 2064 735 2147 puella
769 2063 881 2129 fuisset
916 2062 1007 2147 lapsu
1045 2062 1216 2129 miserabili

99 2163 264 2229 deuolutus.

135 2282 235 2349 XVII.
258 2282 342 2349 Nam
364 2287 445 2367 quod
469 2284 638 2367 uuicuique
661 2289 805 2351 nostrum
821 2285 881 2350 duo
897 2284 1083 2350 cohaereant
1098 2285 1213 2369 angeli,

99 2384 124 2447 id
146 2388 193 2451 est
213 2385 314 2453 bonus
336 2405 373 2453 ac
396 2386 508 2471 mulus,
531 2388 685 2472 scriptura
706 2390 851 2455 testatur.
885 2391 916 2452 et
931 2390 968 2457 de
983 2388 1072 2453 bonis
1087 2386 1214 2470 quidem

97 2488 228 2555 salmtor
257 2510 303 2557 os
333 2492 622 2571 contemnatis,
652 2491 804 2574 iuquiens,
835 2509 955 2555 unum
986 2510 1027 2555 ex
1049 2490 1214 2573 pusillis

68 2590 200 2659 coistis:
223 2595 315 2660 dico
337 2593 441 2661 enim
464 2595 578 2661 uobis
600 2597 698 2678 quod
721 2595 855 2679 augeli
878 2613 1010 2660 corum
1034 2594 1073 2659 iu
1089 2592 1213 2661 caelis

97 2712 239 2778 semper
260 2698 404 2763 uident
425 2699 570 2765 faciem
592 2698 723 2782 patris
749 2700 824 2765 mei
847 2699 915 2781 qui
937 2697 977 2763 iu
999 2697 1120 2763 caelis
1143 2698 1213 2763 est

97 2795 170 2863 illud
199 2818 336 2883 quoque:
369 2800 553 2867 inmittet
581 2804 754 2886 angelus
789 2802 936 2869 domini
970 2802 1009 2868 iu
1039 2800 1213 2867 circuitu

97 2902 316 2969 timentium
346 2922 446 2969 eum:
477 2906 514 2969 ct
543 2904 693 2987 eripiet
723 2923 797 2970 eos.
834 2924 891 2971 nec
920 2924 980 2971 nou
1011 2906 1106 2971 etism
1132 2905 1212 2987 quod

95 3001 126 3065 in
148 2988 275 3073 stersus
298 3007 508 3088 apostolorum
532 3006 569 3071 oe
584 3008 678 3072 Petro
694 3006 819 3090 dcitur,
842 3007 1105 3091 quiasuperius
1129 3006 1213 3071 erus

67 3107 162 3172 eost
196 3108 232 3173 de
265 3110 407 3191 utrisque
443 3128 516 3174 uero
548 3110 628 3176 liber
663 3110 803 3177 Pastoris
835 3110 1015 3195 plenissime
1049 3111 1148 3175 docet.
1186 3108 1244 3174 si2

96 3212 192 3275 summ
220 3212 450 3278 consideremus
480 3214 512 3278 et
538 3211 631 3277 illum
653 3214 708 3296 qui
730 3213 858 3279 beatum
879 3212 935 3278 Iob
960 3213 1098 3295 expetiit,
1122 3227 1211 3291 uper·

189 3414 203 3468 'I
225 3414 283 3469 Ioh.
301 3416 328 3481 8,
345 3416 381 3469 44
484 3416 517 3471 19
539 3416 588 3472 Μὴ
608 3417 650 3484 18,
671 3415 704 3470 10
807 3416 841 3470 22
858 3416 902 3470 Pe.
921 3416 963 3481 33,
981 3414 998 3469 8
1100 3412 1134 3467 24
1152 3414 1213 3469 Act.

97 3497 134 3563 ¹22
152 3499 181 3553 15
279 3502 313 3556 25
331 3501 446 3557 Hermae
463 3500 561 3557 Pastor
579 3502 626 3557 lib.
645 3502 676 3558 11
693 3502 783 3557 mund.
801 3504 818 3557 6
836 3501 963 3571 (Dressel)

142 3667 318 3737 lpreecuniis
339 3672 367 3727 V
464 3671 587 3727 dinatus
608 3672 671 3729 Wo
772 3671 987 3729 5conritudinia
1009 3671 1056 3729 W¹
1161 3670 1212 3727 fal-

97 3750 234 3810 laticVW
317 3756 493 3811 einueuuere
510 3758 547 3814 W
632 3758 728 3813 incesti
746 3774 798 3813 om.
814 3759 851 3815 W
938 3758 1091 3813 letetitet
1107 3759 1145 3815 W

95 3837 197 3895 tirou
217 3844 255 3899 W
349 3843 517 3897 mendatium
540 3844 663 3901 VDWX
758 3845 793 3899 10
811 3844 890 3913 petiit
910 3844 1011 3900 O²P¹X
1105 3844 1135 3899 11
1155 3844 1212 3899 illio

97 3922 121 3976 0
210 3930 242 3984 13
259 3932 419 3985 teterrimus
436 3930 522 3985 DOX
548 3931 709 3986 deterrimus
728 3931 756 3986 P
856 3932 959 3987 choorti
982 3932 1012 3986 D
1117 3932 1150 3987 15
1166 3946 1212 3999 pe-

96 4009 154 4065 tisse
178 4014 200 4069 0
305 4016 390 4070 fuisse
416 4015 500 4071 DW‘
612 4018 645 4071 16
673 4017 831 4072 deuolutum
857 4016 887 4071 D
922 4016 1064 4071 deuolutus
1094 4016 1143 4072 W'

97 4094 124 4147 ll
140 4099 338 4166 quoherecutO
441 4102 474 4156 18
492 4102 531 4173 ac]
549 4105 578 4157 et
597 4103 671 4157 OXv
773 4103 864 4157 scribt
887 4104 935 4159 VO
1039 4103 1071 4157 19
1089 4102 1212 4157 saluatur

100 4180 124 4233 V
210 4188 243 4241 22
269 4188 382 4256 angelos
406 4188 437 4242 D
467 4189 594 4258 angelum
619 4190 642 4245 0
744 4188 868 4245 domiuus
892 4190 948 4245 DO
1050 4190 1084 4244 23
1110 4190 1211 4258 eripuit

96 4266 119 4319 0
206 4274 240 4327 24
259 4274 369 4344 angelos
392 4273 435 4328 D¹
536 4275 572 4330 25
593 4277 735 4345 utriusque
758 4276 797 4331 W
895 4275 1015 4331 docitV
1115 4276 1150 4329 26
1168 4290 1211 4329 ex·

97 4355 156 4417 lttit
171 4358 262 4414 D¹OP
