3092 4967
299 426 364 494 498
694 423 858 478 Iohannis
877 423 1034 479 Cassiani

300 619 416 682 bonum
432 615 671 699 tranquillitatis
686 615 773 680 illius
789 614 999 699 perfectioque
1009 615 1195 680 maculetur.
1219 613 1424 698 similiterque

299 722 466 786 iurandum
497 723 546 785 est
575 738 630 802 pro
661 719 863 785 matimoniae
892 720 1030 800 puritate
1061 737 1117 785 nec
1138 719 1224 784 aliud
1247 735 1303 784 noe
1326 715 1420 782 iacere
1512 757 1513 760 =

301 827 423 907 oportet
455 842 510 906 pro
543 823 613 903 fide,
644 839 701 904 pro
731 823 903 888 sobrietate
932 825 1026 906 atque
1055 821 1189 905 institia,
1220 841 1298 906 quae
1323 821 1421 886 omnia

301 928 518 994 indemutabili
540 927 773 1009 perseuerantia
794 927 869 991 sunt
894 925 1027 992 tenende
1049 927 1080 990 et
1094 943 1113 991 a
1128 925 1240 1009 quibus
1262 923 1418 1007 paululum

268 1031 460 1096 3recessisse
482 1030 661 1096 damnabile
688 1033 746 1096 eet.
783 1029 821 1093 de
843 1027 909 1095 illis
930 1046 1003 1094 nero
1026 1027 1239 1112 corporalibus
1259 1026 1447 1102 exercitiiar

300 1153 377 1216 quac
405 1135 444 1198 ad
473 1131 633 1198 modicum
661 1149 729 1197 esse
757 1131 904 1197 dicuntur
932 1132 1031 1214 utilia,
1066 1133 1112 1197 ita
1145 1132 1194 1197 est
1222 1134 1257 1196 ut
1290 1129 1419 1196 diximus

298 1237 509 1315 statuendum,
540 1236 576 1300 ut
606 1235 632 1301 si
662 1253 725 1318 qua
756 1235 973 1319 superuenerit
1005 1234 1118 1301 certior
1150 1235 1278 1317 pietatis
1304 1234 1418 1300 occasio

298 1359 376 1424 quae
397 1339 454 1406 illa
475 1338 603 1405 suadeat
624 1338 767 1421 relaxari,
790 1337 879 1404 nulla
900 1355 991 1421 snper
1013 1337 1062 1403 his
1086 1341 1154 1422 lege
1178 1340 1348 1420 teneamur,
1370 1338 1417 1402 sed

296 1441 523 1528 praetermissis
545 1441 591 1507 eis
615 1444 654 1507 ad
674 1441 802 1507 utiliora
824 1441 921 1506 libere
952 1441 1157 1506 transeamus.
1196 1442 1230 1505 in
1252 1441 1318 1506 illis
1339 1442 1417 1506 enim

298 1545 510 1628 corporalibus
532 1542 698 1623 exercitiis,
721 1546 749 1610 ei
770 1561 825 1627 pro
848 1543 989 1626 tempore
1005 1542 1232 1628 relinquantur,
1248 1545 1447 1626 periculump

295 1667 358 1715 uon
387 1653 451 1716 est:
485 1650 524 1714 ab
553 1648 603 1713 hie
633 1665 707 1713 uero
730 1647 780 1713 uei
810 1646 848 1712 ad
879 1649 1074 1712 momentum
1109 1647 1281 1713 declinasse
1310 1648 1415 1714 merti-

296 1754 396 1818 ferum
419 1752 477 1816 eet,

337 1855 505 1922 XXVIIII.
529 1856 598 1920 Hoc
618 1871 740 1936 quoque
761 1853 859 1920 simili
888 1852 1028 1920 cautione
1051 1854 1221 1920 curandum
1244 1857 1301 1933 est,
1325 1857 1370 1929 ut,
1392 1852 1415 1916 ei

296 1961 349 2043 qui
386 1959 518 2024 forsitan
554 1975 655 2021 sermo
691 1975 784 2038 quem
818 1973 885 2022 esse
919 1955 1017 2022 uultis
1052 1957 1211 2022 occultum
1244 1958 1282 2022 de
1317 1955 1415 2022 nostro

294 2063 391 2128 merit
423 2079 474 2126 cre
506 2062 678 2144 prolapsae,
711 2060 799 2124 nulla
821 2058 1037 2126 occultationis
1059 2064 1221 2144 praecepta
1251 2057 1445 2130 eollidtente

295 2165 488 2232 audientem:
510 2163 613 2247 magis
634 2163 720 2228 enim
738 2163 851 2229 latebit
865 2163 894 2227 si
909 2163 1110 2247 neglegenter
1124 2165 1218 2245 atque
1233 2162 1413 2248 simpliciter

294 2271 483 2346 transeatur,
506 2269 654 2352 quianon
670 2270 759 2332 tanta
773 2267 906 2351 quilibet
934 2267 1067 2332 fratrum
1091 2285 1183 2352 super
1205 2265 1411 2350 diuulgationo

294 2372 360 2438 eius
389 2371 614 2455 inpugnatione
643 2369 849 2452 torquebitur,
883 2372 1052 2436 aestimans
1085 2389 1150 2436 rem
1185 2370 1282 2437 uilem
1316 2371 1410 2452 aliqua

292 2473 475 2542 uansitcria
504 2471 756 2538 confabulatione
785 2473 938 2556 prolatam
971 2477 1001 2538 et
1030 2491 1108 2556 quae
1139 2493 1175 2540 ex
1205 2473 1264 2539 boc
1290 2475 1354 2556 ipso
1374 2475 1410 2538 sit

293 2579 402 2660 leuior,
432 2577 505 2661 qnia
534 2576 714 2643 cautlasImo
743 2576 862 2642 silentii
892 2580 1056 2659 praecepto
1090 2577 1235 2643 sensibus
1265 2576 1441 2644 audientiae

294 2679 500 2748 commendate
535 2698 596 2746 non
633 2679 735 2744 fuerit.
780 2697 854 2744 nam
888 2679 915 2744 si
948 2679 1045 2746 etiam
1082 2679 1176 2747 fidem
1212 2682 1279 2748 eius
1314 2681 1410 2764 aliqua

294 2789 558 2854 sacramentorum
581 2782 791 2848 obtestatione
812 2783 998 2868 depinxeris,
1023 2783 1115 2850 citius
1129 2783 1209 2850 illud
1225 2785 1409 2868 prodendum

296 2906 362 2954 esse
384 2905 444 2951 nou
468 2885 626 2970 ambigas:
650 2885 750 2951 maior
774 2886 859 2950 enim
881 2887 1029 2952 aduersus
1052 2887 1153 2969 ipsum
1178 2889 1226 2952 uie
1247 2886 1409 2953 diabolicae

293 2989 529 3075 inpugnationis
558 2991 710 3072 insurget,
741 2993 777 3053 ut
807 2992 840 3052 et
869 2994 901 3054 te
930 2990 1118 3056 maestifioet
1148 2991 1200 3055 uel
1230 2990 1409 3056 denudetct

291 3095 384 3160 illum
406 3098 666 3176 transgressorem
689 3092 872 3174 quantocius
895 3095 944 3158 sui
966 3093 1062 3160 iaciat
1084 3095 1285 3160 sacramenti.
1413 3113 1435 3154 e

332 3197 431 3264 m
461 3196 502 3261 lit
532 3196 648 3262 idcirco
677 3194 758 3259 nihil
785 3195 877 3260 debet
906 3197 1036 3278 abrupte
1059 3198 1232 3263 monachus
1254 3216 1344 3280 super
1364 3195 1406 3258 bie

290 3301 454 3368 dumtaxat
475 3318 554 3383 quae
575 3299 615 3365 ad
637 3299 813 3382 corporales
844 3299 1079 3366 exercitationes
1101 3301 1259 3384 pertinent
1280 3299 1403 3376 delinire,

289 3424 328 3470 ne
350 3403 559 3470 aduersarium
583 3404 623 3468 ad
645 3403 904 3485 inpugnationem
927 3421 1033 3470 eorum
1055 3423 1134 3486 quae
1156 3404 1244 3470 uelut
1266 3406 1323 3471 sub
1337 3401 1403 3485 legis

288 3507 504 3573 obseruatione
527 3505 664 3572 custodit
686 3506 788 3590 magis
811 3505 945 3572 incitans
968 3506 1062 3572 citius
1084 3526 1121 3572 ea
1143 3508 1261 3573 molare
1276 3512 1402 3590 cogatur.

289 3608 462 3692 praefigens
495 3608 651 3690 siquidem
685 3607 746 3672 sibi
781 3607 882 3691 legem
919 3610 1131 3692 unusquisque
1165 3611 1223 3675 sub
1257 3607 1432 3675 libertatiso

286 3712 391 3794 gratia
421 3713 611 3777 constitutus
644 3709 817 3794 perniciosa
846 3716 946 3778 semet
971 3713 1075 3795 ipsum
1105 3713 1226 3797 obliget
1251 3711 1401 3790 seruitute,

390 3874 407 3927 5
423 3873 457 3927 ci.
475 3873 489 3926 1
507 3873 576 3927 Tim.
593 3874 619 3938 4,
637 3874 654 3928 8

338 4017 457 4072 2Iacerc
475 4018 565 4073 uosO
662 4019 761 4075 8ilias
779 4021 837 4073 ΣΟ
938 4022 970 4074 14
987 4023 1046 4089 quis
1066 4021 1124 4076 Οὐ
1226 4023 1259 4076 15
1275 4019 1400 4090 prolabens

286 4105 314 4154 Σ
418 4104 449 4157 l'i
468 4104 590 4172 qualibet
608 4105 633 4157 0
731 4105 925 4174 diuulgationis
944 4108 971 4158 Σ
1074 4107 1107 4162 18
1125 4107 1283 4160 existimans
1300 4107 1342 4158 Oc

285 4190 377 4258 aliqua
401 4190 472 4244 ΣΟε
502 4189 620 4258 aliquam
644 4208 662 4246 o
766 4193 801 4246 19
822 4193 878 4258 ipse
902 4192 927 4244 0
1030 4191 1063 4246 23
1081 4207 1137 4246 esee
1155 4208 1209 4247 non
1228 4193 1338 4246 ambisse
1354 4201 1398 4241 non

285 4274 408 4344 ambigas
425 4277 453 4326 Σ
555 4275 589 4330 28
606 4291 653 4331 nec
671 4278 708 4329 0²
811 4277 845 4331 29
863 4279 1000 4345 cogitetur
1018 4277 1043 4330 Ο
1146 4279 1179 4332 31
1201 4280 1297 4348 pernit.
1315 4275 1342 4326 li

284 4362 442 4415 seruitutem
460 4361 498 4411 ΠΙ
