3092 4967
307 448 372 514 254
694 449 863 504 Iohannis
887 447 1047 502 Cassiani

308 643 340 705 et
361 639 496 704 humilia
517 637 660 704 deserens
682 638 778 720 atque
804 640 928 702 terrena
951 636 988 701 ad
1013 636 1070 701 illa
1099 634 1245 701 caelestia
1267 640 1298 701 ct
1319 635 1416 701 inuisi·

308 742 386 809 bilia
421 740 636 807 transferetur.
681 744 763 807 unde
797 740 921 824 proprie
957 741 1034 805 satie
1071 740 1244 822 praeceptis
1270 740 1417 803 dominicis

308 851 525 913 admonemur:
555 844 690 909 uidete
718 862 763 908 ne
792 845 945 927 qnando
976 846 1199 928 grauentur
1223 840 1342 906 corda
1365 861 1417 907 ue·

308 954 392 1015 stra
414 950 453 1013 in
475 948 638 1030 crapula
660 948 701 1011 et
723 946 927 1012 ebrietate
950 951 988 1011 et
1010 946 1118 1011 curis
1140 944 1418 1011 saecularibus.

276 1054 338 1119 det
359 1054 476 1118 idcirco
497 1052 525 1115 si
548 1052 694 1116 uolumus
717 1052 873 1116 orationes
896 1052 1016 1115 nostras
1039 1068 1099 1115 non
1122 1051 1224 1115 solum
1246 1049 1354 1129 caelos,
1375 1050 1445 1113 sede

307 1158 404 1221 ctiam
427 1174 565 1237 eaquae
588 1173 680 1237 snper
701 1156 803 1219 caelos
832 1157 906 1219 sunt
927 1157 1099 1237 penetrare,
1130 1172 1273 1218 curemus
1297 1154 1420 1217 mentem

307 1264 346 1328 ab
376 1259 519 1326 omnibns
547 1258 679 1324 terrenis
701 1257 789 1323 uitiis
812 1259 1014 1341 expurgatam
1044 1258 1226 1340 cunctisque
1249 1256 1419 1322 mundatam

306 1362 443 1429 faecibus
472 1361 651 1444 passionum
681 1362 719 1425 ad
749 1359 962 1426 subtilitatem
988 1360 1154 1442 perducere
1184 1361 1368 1436 naturalem,
1392 1362 1422 1422 ut

306 1468 351 1532 ita
379 1466 419 1531 ad
446 1466 539 1530 deum
569 1465 666 1530 oratio
689 1464 756 1530 eius
779 1464 866 1529 nullo
895 1466 1048 1529 uitiorum
1070 1464 1206 1547 pondere
1228 1466 1421 1547 praegrauata

306 1570 502 1635 conscendat.
1428 1586 1447 1625 c

348 1672 387 1738 V.
421 1672 603 1738 Notandum
640 1672 746 1737 tamen
784 1670 896 1754 quibus
916 1677 969 1735 'er
1002 1670 1103 1737 causis
1136 1672 1263 1753 grauari
1298 1674 1421 1735 mentem

307 1775 450 1841 dominus
471 1777 692 1859 designanerit.
729 1792 789 1839 non
814 1776 897 1839 enim
921 1774 1085 1849 adulteria,
1116 1792 1177 1838 non
1200 1773 1421 1847 fornicationes,

307 1897 368 1944 non
399 1878 576 1957 homicidia,
605 1898 667 1943 non
696 1878 913 1961 blasphemias,
942 1897 1005 1943 non
1029 1880 1163 1961 rapinas,
1187 1898 1265 1961 qnae
1289 1876 1424 1943 mortalia

307 1999 373 2047 esse
405 1984 436 2047 et
469 1981 659 2049 damnabilia
694 1982 801 2047 nullus
832 1983 967 2067 ignorat,
998 1984 1050 2047 sed
1080 1982 1239 2063 crapulam
1270 1982 1373 2064 posuit
1397 1980 1423 2045 et

306 2085 488 2150 ebrictatem
524 2088 555 2150 et
588 2103 678 2150 curas
713 2086 781 2151 siue
814 2085 1040 2151 sollicitudines
1073 2086 1256 2150 saeculares.
1296 2104 1373 2167 quae
1397 2084 1449 2148 ina

307 2188 430 2253 tantm
464 2208 554 2253 nemo
588 2189 750 2254 hominurn
781 2188 889 2253 mundi
918 2188 1011 2253 huius
1039 2189 1129 2253 canet
1157 2193 1212 2254 ant
1241 2188 1425 2253 damnabilia

305 2292 432 2367 indicat,
467 2294 503 2358 nt
535 2294 629 2359 ctiam
657 2292 810 2373 nonnulli,
843 2293 922 2375 qnod
950 2294 1048 2375 pudet
1076 2293 1186 2375 dicere,
1216 2298 1319 2359 semet
1352 2293 1425 2373 ipsos

307 2396 474 2462 monachos
498 2400 713 2479 nuncupantes
729 2399 828 2463 isdem
844 2398 919 2479 ipsis
935 2396 1178 2462 distentionibus
1195 2395 1285 2460 uelut
1300 2396 1425 2461 innoxiis

275 2496 338 2564 aaa
369 2499 501 2565 utilibus
535 2500 730 2582 inplicantur.
776 2518 854 2583 qnae
886 2502 948 2565 tria
979 2500 1054 2565 licet
1087 2501 1256 2565 secundum
1292 2500 1426 2564 litteram

309 2604 489 2686 perpetrata
510 2604 684 2686 adgranent
705 2604 843 2669 animam
870 2607 963 2686 atque
986 2606 1081 2669 adeo
1104 2608 1250 2686 separent
1271 2622 1309 2669 ac
1332 2602 1452 2685 depria

309 2709 398 2771 mant
420 2707 458 2770 ad
482 2709 614 2784 terrena,
639 2709 686 2771 est
708 2710 814 2771 tamen
830 2726 937 2772 eornm
952 2706 1053 2771 facilis
1068 2706 1235 2772 declinatio
1252 2708 1284 2771 et
1302 2706 1427 2771 manime

307 2810 406 2889 nobis,
437 2809 490 2893 qni
518 2811 585 2875 tam
614 2812 709 2893 longa
736 2812 908 2875 remotione
929 2811 968 2875 ab
991 2810 1076 2875 omni
1102 2810 1221 2875 saeculi
1244 2810 1339 2874 buius
1362 2828 1427 2875 con-

308 2914 484 2979 uersatione
511 2913 719 2998 disiungimur
742 2919 773 2978 et
795 2914 867 2979 istis
883 2912 1063 2978 nisibilibns
1080 2915 1162 2979 curis
1178 2914 1209 2977 et
1224 2912 1426 2978 ebrietatibus

308 3021 340 3081 et
362 3018 498 3100 crapulis
521 3017 610 3082 nulla
631 3018 756 3101 penitus
778 3020 938 3084 occasione
960 3019 1137 3083 miscemur.
1175 3036 1285 3083 uerum
1310 3020 1357 3082 est
1372 3016 1429 3080 alia

308 3138 428 3203 qnoque
451 3122 578 3201 crapula
592 3138 654 3185 non
669 3121 775 3186 minus
801 3123 889 3187 noxia
905 3125 936 3185 et
952 3121 1085 3186 ebrietas
1102 3120 1254 3203 spiritalis
1271 3119 1455 3185 difficffinsc

306 3224 462 3305 enimnda,
486 3242 562 3289 cura
585 3242 707 3308 qnoque
729 3242 765 3289 ac
781 3225 958 3290 sollicitudo
975 3224 1153 3307 saecularis,
1169 3242 1248 3306 quae
1263 3242 1321 3289 nos
1339 3222 1429 3287 etiarn

305 3328 376 3410 post
398 3327 537 3394 omnium
561 3326 750 3392 facultatum
778 3332 955 3393 nostrarum
977 3328 1147 3409 perfectam
1171 3328 1429 3392 renuntiationem

304 3433 335 3494 et
349 3430 415 3495 nini
432 3431 655 3512 epularumque
670 3430 852 3495 cunctarum
875 3429 1097 3495 mutinentiam
1117 3436 1148 3495 et
1169 3430 1294 3513 quidem
1311 3432 1345 3495 in
1361 3428 1429 3495 soli·

404 3616 422 3669 3
440 3614 503 3687 bno.
521 3616 563 3681 21,
581 3616 617 3669 34

356 3786 474 3855 ladque
495 3788 547 3843 VP
644 3788 767 3843 caelictia
788 3789 814 3843 V
913 3788 1111 3843 ttrausfcrtnr
1128 3792 1221 3843 eterna
1244 3789 1268 3843 0
1368 3788 1430 3843 satis

306 3873 410 3942 proprie
434 3874 465 3928 D
577 3874 594 3928 3
620 3874 780 3929 admonetur
805 3875 847 3929 D¹
951 3875 1133 3945 adgrabentnr
1161 3874 1185 3931 0
1287 3876 1304 3931 8
1332 3874 1430 3929 fecibus

305 3959 460 4016 DWOPX
561 3960 757 4016 sublimitatem
785 3962 833 4017 VO
865 3963 1047 4031 suptilitatem
1071 3962 1135 4017 DX
1235 3962 1252 4015 9
1278 3964 1430 4032 praegratia

305 4046 347 4101 D·
451 4050 481 4101 ll
505 4048 532 4102 V
553 4063 612 4103 raon
635 4048 781 4119 detepuit
884 4048 916 4103 12
938 4047 1034 4103 furnic.
1056 4048 1090 4103 V¹
1122 4048 1310 4103 fornicationis
1334 4048 1373 4101 W

303 4132 337 4186 13
362 4131 510 4186 humicidia
540 4134 567 4189 V
670 4134 748 4187 blasi.
779 4135 829 4190 VO
936 4134 1064 4187 murtalia
1095 4134 1121 4190 V
1226 4134 1260 4187 18
1286 4132 1428 4187 monachas

307 4219 342 4273 V¹
435 4216 521 4273 isdem
538 4218 647 4275 DOP¹=
677 4219 780 4275 hisdem
798 4221 857 4275 rell.
954 4221 989 4273 20
1006 4220 1091 4289 adque
1114 4219 1191 4275 VOP
1289 4220 1323 4275 22
1341 4224 1428 4275 tamen

305 4304 354 4360 W¹
440 4305 474 4359 23
492 4306 563 4360 curis
581 4310 610 4361 et
631 4307 731 4363 VWO:
760 4324 783 4361 c.
802 4309 881 4376 atquc
898 4306 1008 4361 DPXo
1097 4306 1129 4360 27
1148 4303 1305 4361 facultatem
1322 4306 1366 4361 1)Ι

303 4389 337 4445 28
353 4391 476 4459 equidem
499 4390 553 4447 ΟΧ
