3092 4967
229 454 273 519 20
622 454 790 510 iohannis
807 454 964 511 cessisni

195 642 370 709 ileetitie?
402 643 478 725 qnid
511 644 594 708 eninr
623 644 689 709 tum
712 644 874 726 preprium
903 660 996 709 neree
1014 642 1200 710 beatitudini
1229 648 1356 729 umque

229 746 415 811 eenueniens
438 762 532 828 quem
556 746 772 828 tranquillitas
793 745 877 831 iugis
892 747 925 811 et
939 745 1090 831 gaudium
1104 750 1356 831 sempiternum?

229 852 261 913 et
289 851 326 913 nt
354 848 413 914 hee
441 850 544 931 ipsum
573 847 654 931 qued
679 848 813 915 dieimus
835 848 884 915 ue
905 866 972 915 esse
993 867 1056 915 neu
1077 868 1147 918 mee
1166 854 1354 930 eenieetnre,

166 1036 169 1045 Ι
228 955 282 1018 sed
304 952 401 1034 ipsius
423 950 541 1019 demini
563 951 749 1018 austeritate
771 950 887 1018 tertius
904 952 1078 1031 instrueris,
1101 952 1176 1020 sudi
1190 972 1262 1021 eum
1277 972 1356 1037 quu-

228 1054 354 1121 litetem
369 1055 401 1120 et
415 1055 535 1121 etatum
549 1054 659 1121 mundi
673 1053 761 1121 illiue
775 1054 971 1138 spedusirne
986 1056 1230 1123 deseribentsrn:
1248 1074 1355 1133 seue,
1372 1078 1387 1121 s

227 1159 340 1242 inquit,
371 1176 440 1241 ege
469 1175 555 1223 eree
584 1158 715 1223 eeeles
743 1175 879 1238 nouos,
910 1162 950 1224 et
971 1163 1118 1225 terrum
1140 1177 1295 1227 nouem:
1318 1165 1356 1226 et

227 1278 300 1328 neu
316 1262 430 1326 erunt
444 1261 483 1326 in
497 1259 684 1327 memorie
700 1261 846 1344 priore,
863 1279 987 1347 neque
1002 1263 1223 1329 aseendent
1237 1282 1357 1348 super

228 1384 302 1432 eor.
339 1368 404 1431 sed
426 1364 654 1449 gaudebitis
677 1366 717 1429 et
737 1365 986 1432 exultabitis
1007 1382 1128 1450 usqne
1151 1366 1192 1431 in
1213 1367 1355 1451 sempi-

227 1472 384 1536 ternum
405 1468 445 1534 in
466 1467 544 1549 his,
567 1483 662 1551 quse
685 1484 752 1551 ege
774 1484 872 1534 ereo.
894 1469 929 1534 et
942 1486 1085 1535 rursum=
1107 1469 1296 1554 gandium
1316 1475 1356 1536 et

226 1573 390 1639 lustitia
419 1570 650 1637 inuenietur
679 1569 720 1635 in
748 1588 808 1650 ee,
837 1570 1063 1653 gratiarum
1092 1573 1201 1639 setis
1222 1573 1262 1637 et
1284 1590 1392 1639 uene

226 1675 370 1741 leudis.
407 1675 446 1739 et
475 1674 556 1739 erit
587 1674 735 1739 mensis
766 1692 809 1739 er
837 1692 986 1755 meuse,
1019 1677 1058 1741 et
1078 1675 1292 1745 sebbetum
1313 1695 1356 1743 ex

226 1778 403 1845 setheio.
432 1778 610 1845 etiterum:
625 1776 1355 1863 geudiumetleetitismobtinebunt,

196 1881 361 1966 erugiet
383 1881 496 1947 delur
518 1883 556 1945 et
577 1880 765 1965 gemitus.
797 1882 833 1947 et
851 1882 880 1946 si
901 1882 1006 1949 adhue
1026 1883 1141 1948 elarius
1156 1882 1355 1950 deilieeen-

226 1985 401 2050 uersetiune
423 1984 456 2049 et
485 1984 614 2052 eurisis
646 1984 826 2051 seneternm
857 1984 956 2051 uultis
985 2002 1161 2067 messere,
1190 1986 1354 2053 adtendite

226 2106 305 2171 quse
319 2088 359 2153 ed
374 2090 473 2170 ipsum
488 2087 685 2153 Hierusalem
700 2106 777 2153 uem
791 2088 911 2153 demini
927 2087 1118 2173 dirigentur:
1138 2093 1177 2154 et
1198 2106 1243 2172 pe
1252 2108 1355 2168 nem,
1364 2112 1391 2153 rs

225 2192 338 2275 iuquit,
354 2190 639 2255 uisitationem
655 2190 767 2256 tuem
782 2210 932 2282 putem,
948 2193 987 2256 et
1000 2192 1250 2274 praepositus
1266 2193 1355 2259 tuos

226 2294 439 2363 iustitium.
476 2310 550 2358 nen
584 2292 770 2359 audietur
802 2295 916 2359 ultre
948 2293 1149 2376 iniquitis
1178 2294 1217 2360 in
1244 2300 1356 2361 terre

225 2400 311 2482 tue,
333 2396 510 2461 uestitus
532 2394 571 2461 st
592 2394 786 2461 contritio
808 2397 849 2461 in
869 2396 1169 2481 terministuis,
1189 2399 1356 2463 etoeeu·

226 2503 340 2587 petit
367 2502 477 2567 selus
506 2516 634 2565 mures
665 2500 770 2578 tues,
800 2504 840 2566 et
868 2501 1007 2583 portes
1038 2502 1129 2565 tues
1160 2500 1354 2566 laudetis.

227 2623 301 2671 nen
331 2606 406 2671 erit
434 2601 510 2670 tibi
539 2604 710 2685 emplius
740 2602 797 2667 sui
828 2602 875 2668 ed
904 2603 1114 2668 lucendum
1143 2622 1209 2687 per
1231 2605 1392 2681 diem.»

227 2726 297 2775 nee
329 2706 518 2792 splendor
553 2706 671 2772 lunee
701 2705 969 2772 inluminebit
998 2707 1050 2771 te:
1080 2706 1146 2770 sed
1172 2706 1253 2772 erit
1274 2706 1354 2773 tibi

226 2810 405 2879 deminus
438 2810 476 2874 in
509 2808 634 2873 lucem
666 2808 965 2891 sempiternum,
1000 2810 1039 2875 et
1067 2811 1159 2875 dens
1193 2811 1288 2875 tuus
1315 2810 1355 2874 in

226 2914 394 2998 gloriam
416 2913 533 2977 tuem.
570 2928 645 2977 nen
667 2911 824 2977 decidet
852 2911 963 2978 ultre
983 2911 1047 2977 sel
1068 2916 1175 2991 tuus,
1197 2913 1238 2978 et
1260 2914 1356 2978 lune

226 3018 293 3083 tue
313 3032 386 3081 non
407 3016 626 3081 minuetur:
644 3014 711 3079 sed
725 3016 809 3081 erit
823 3016 1001 3082 domiuus
1016 3017 1056 3081 in
1070 3016 1357 3098 lueemsempi-

196 3116 395 3197 tiernium,
423 3119 461 3183 et
488 3118 785 3201 eenplebuntur
817 3120 902 3187 dies
925 3120 1060 3186 luetus
1081 3120 1152 3189 tui
1186 3120 1218 3185 et
1240 3118 1392 3186 ideireen

227 3224 336 3290 bertus
360 3222 518 3305 spostolus
540 3239 603 3288 nen
622 3222 809 3305 generaliter
822 3240 922 3305 neque
935 3223 1122 3305 simplieiter
1137 3240 1230 3287 omne
1244 3220 1356 3306 gaudi·

227 3345 281 3391 um
308 3342 440 3408 regnum
467 3324 518 3390 dei
546 3343 614 3391 esse
640 3326 832 3409 pronuntiet,
854 3326 909 3393 sed
932 3326 1094 3410 signanter
1115 3344 1153 3391 ee
1174 3325 1354 3409 speeieliter

227 3430 306 3495 illud
329 3430 430 3495 solnm
453 3430 535 3512 quod
557 3429 592 3494 in
614 3429 729 3511 spiritu
752 3432 862 3496 ennete
883 3432 942 3495 est
980 3429 1068 3494 nouit
1088 3429 1171 3495 enim
1185 3446 1253 3495 esse
1266 3426 1355 3493 uliud

228 3551 348 3616 queque
370 3531 576 3615 uituperebile
599 3531 760 3615 gaudium,
790 3532 830 3597 de
852 3550 912 3614 quo
935 3530 1065 3597 dieitur:
1088 3530 1256 3597 mundus
1277 3532 1356 3595 iste

227 3636 429 3718 gaudebit,
453 3639 500 3700 et:
523 3654 591 3700 use
614 3637 720 3701 uobis
743 3636 811 3719 qui
833 3636 994 3715 ridetis,
1016 3634 1393 3719 quieplersbitis.eo

330 3804 436 3859 5Erui
448 3805 490 3869 65,
503 3803 606 3859 17-18
679 3804 879 3868 euentus
898 3805 986 3870 66,23
1064 3806 1098 3859 12
1116 3805 1242 3872 leniet,
1256 3803 1289 3858 10

227 3890 263 4030 ἐξ
280 3888 549 4030 ξέἓὶθθθέὃΠ-ἓῦ
650 3890 685 3945 26
707 3889 742 3945 ei.
760 3890 836 3945 Rem.
860 3890 901 3956 14,
918 3890 952 3948 17
1054 3892 1089 3945 29
1111 3891 1170 3947 Ieh.
1194 3890 1236 3956 16,
1255 3890 1290 3945 20

281 4132 295 4185 1
311 4132 474 4187 beatitudine
486 4131 526 4187 D¹
553 4128 730 4187 bestituffinis
746 4130 795 4188 W¹
891 4132 1092 4203 4sneteritste]
1105 4132 1246 4187 uoluntate
1259 4131 1290 4185 D

227 4216 416 4287 6111111111)ι
513 4217 626 4271 'terent
640 4216 682 4272 1)Ι
772 4217 927 4273 memorium
946 4218 1018 4275 DW
1106 4217 1230 4272 eseendet
1246 4216 1289 4271 X¹

228 4304 261 4359 16
278 4304 375 4373 inquid
392 4303 465 4362 DW
544 4302 577 4358 18
592 4304 719 4374 mittes]
738 4304 839 4359 ueritus
855 4303 897 4359 1)ι
974 4303 1114 4373 serupunit
1131 4302 1163 4358 D
1238 4302 1273 4358 23
1290 4302 1360 4357 urei·

228 4390 328 4446 ditD¹
431 4389 601 4446 essum
703 4382 959 4446 seueDW'
