3092 4967
594 458 754 517 Goulatio
776 461 850 517 xxl.

672 1175 772 1263 XXI.

197 1418 470 1518 conuiuio
502 1419 739 1517 ABBATIS
771 1418 1030 1518 'IHIIONAII
1060 1419 1248 1521 PRIMA.

326 1642 381 1708 nn
410 1641 666 1709 nuurssrons
697 1641 1118 1725 ovinoveonosneun.

597 1882 846 1969 omniun.

313 2074 338 2137 Ι.
361 2073 521 2155 Quomodo
550 2074 690 2141 Theonrs
716 2076 756 2140 ad
779 2074 928 2141 abbatem
957 2077 1131 2143 Iohannem
1152 2076 1285 2144 uenerit

294 2194 338 2260 11.
360 2194 544 2261 Exhortatio
570 2195 695 2260 abbatis
718 2196 866 2262 Iohannis
888 2198 927 2262 ad
950 2196 1097 2263 'I'hsonau
1121 2201 1152 2262 et
1168 2198 1285 2264 eeteros

361 2298 414 2381 qni
437 2317 509 2363 eum
531 2317 568 2364 eo
591 2302 812 2364 oonuensrant.

278 2418 340 2487 III.
363 2418 408 2485 De
431 2418 625 2485 decimarum
648 2424 680 2483 et
701 2418 913 2502 pumitiarnm
935 2419 1101 2486 oblatione.

262 2538 337 2605 IIII.
361 2539 450 2620 Quod
472 2540 642 2617 Abraham,
670 2539 775 2606 Dauid
798 2540 955 2623 ooterique
976 2540 1080 2607 saneti
1101 2540 1181 2627 Iegis
1195 2559 1285 2607 man·

120 2674 145 2715 no
361 2642 434 2707 data
453 2642 573 2708 fuerint
595 2642 793 2727 supergressi.

300 2764 338 2828 V.
362 2762 450 2843 Quod
473 2765 531 2829 suh
553 2762 710 2847 euangelii
725 2763 831 2849 grstia
846 2768 977 2849 agentes
991 2783 1137 2848 superare
1152 2765 1286 2832 debeant

359 2866 505 2933 mandato
531 2866 654 2949 legalia.

284 2987 339 3053 VI.
363 2985 453 3066 Quod
475 2986 633 3071 euangelii
654 2988 767 3070 graue,
794 2986 878 3056 siout
900 2987 1047 3071 persentis
1061 2988 1177 3054 tribuit
1191 3005 1287 3071 regna

359 3090 527 3172 caelorum,
548 3090 596 3155 ita
617 3089 819 3159 neniabiliter
841 3092 998 3157 sustentet
1019 3091 1173 3157 infirmos.

120 3234 143 3275 ns
263 3210 335 3277 VII.
359 3213 447 3293 Quod
480 3214 513 3277 in
547 3216 653 3279 nostra
685 3213 784 3277 situm
816 3213 860 3278 sit
889 3216 1056 3298 potestate,
1090 3217 1199 3278 utrum
1228 3212 1284 3278 suh

360 3314 515 3401 euangelii
558 3316 663 3399 gratia
702 3334 743 3381 an
779 3315 839 3381 snb
875 3316 955 3401 legis
998 3317 1132 3383 nolimus
1169 3320 1287 3382 terrore

360 3418 539 3485 oonsistere.

245 3538 336 3607 VIII.
360 3540 629 3622 Quemadmodum
652 3540 794 3607 Theonas
816 3542 977 3626 coniugem
1001 3559 1100 3625 suam,
1117 3540 1153 3605 ut
1167 3544 1200 3606 et
1214 3540 1287 3622 ipsa

357 3646 562 3721 renuntiaret,
590 3644 732 3712 hortatus
755 3648 808 3711 sit.

204 3968 432 4025 dexortatioFO
512 3969 672 4039 theonand:
690 3970 818 4024 theonam
830 3967 935 4025 BFOn
1021 3966 1218 4023 insuerent?

148 4057 166 4113 8
194 4056 228 4111 de
256 4072 306 4111 ora
332 4055 356 4112 0
458 4055 625 4111 oblationum
655 4053 679 4111 0
781 4056 798 4110 9
825 4053 970 4109 habraham
998 4054 1029 4108 F
1055 4054 1163 4110 ahmam
1192 4053 1215 4109 O

149 4144 222 4214 legin
249 4158 300 4201 om.
329 4143 353 4199 0
463 4142 495 4197 11
522 4141 647 4211 euangeli
671 4142 703 4197 F
809 4142 993 4211 grstiagentes
1022 4140 1045 4197 0
1152 4140 1282 4211 degentes

148 4230 189 4301 ῥυ
294 4228 328 4285 13
351 4226 456 4284 tribuet
478 4226 539 4282 BF
637 4242 750 4299 regnum
778 4224 802 4282 O
905 4228 937 4281 14
959 4225 1149 4281 uenerabiliter
1173 4225 1216 4279 K¹

149 4317 269 4373 sustinet
286 4314 351 4371 BF
381 4312 560 4370 sustentato
663 4315 786 4369 infirmus
806 4312 835 4368 Β
938 4314 972 4369 16
996 4312 1133 4383 euangelia
1156 4310 1214 4367 BF

149 4401 280 4457 utIIImus
297 4401 326 4457 B
431 4401 463 4457 18
480 4401 711 4471 quemammodum
731 4400 765 4466 B,
783 4401 849 4455 deon
865 4399 947 4467 infru
1010 4394 1014 4402 ’
