3092 4967
307 428 370 493 568
699 424 865 478 Iohannis
883 424 1042 479 Cassiani

309 616 460 692 adfectus,
489 632 544 698 per
572 632 648 698 quoe
678 615 862 698 paenitenda
884 615 1096 697 conmisimus,
1117 614 1236 681 inerint
1258 615 1298 680 de
1319 617 1423 682 nostris

309 718 456 783 cordibus
494 718 658 801 amputati.
703 721 784 800 quod
820 719 927 782 tamen
962 717 1069 783 nullus
1104 719 1245 783 obtinere
1281 736 1369 801 posse
1396 738 1425 783 ee

309 824 423 901 credet,
447 823 584 904 quinon
607 823 693 903 prius
716 822 800 903 ipsas
829 839 937 885 causas
959 824 1053 903 atque
1076 822 1235 902 materias,
1252 841 1308 905 pro
1322 822 1425 906 quibus

308 928 341 991 iu
362 924 419 991 illa
441 927 605 1007 conlapsus
628 927 676 989 est
698 924 840 1002 crimina,
869 924 954 990 omni
976 925 1106 1006 spiritus
1128 929 1176 991 sui
1199 924 1321 991 feruore
1334 928 1425 991 succi·

308 1030 404 1094 derit:
433 1035 468 1094 ut
502 1028 590 1092 uerbi
626 1029 729 1110 gratia
760 1027 790 1091 si
822 1028 855 1092 in
889 1028 1126 1093 fornicationem
1159 1030 1211 1093 uel
1245 1030 1454 1095 adultenums

308 1130 483 1212 perniciosa
527 1131 710 1195 feminarum
754 1128 971 1195 familiaritate
1007 1130 1173 1214 conlapsus
1209 1136 1268 1208 ost,
1313 1149 1428 1196 summa

308 1234 508 1299 festinatione
539 1235 633 1298 etiam
663 1234 767 1314 ipsum
797 1252 904 1298 earum
934 1234 1055 1298 deuitet
1074 1238 1249 1317 aspectum,
1273 1237 1329 1298 aut
1351 1237 1426 1299 certe

308 1338 336 1403 si
351 1358 407 1421 per
422 1337 646 1403 abundantiam
658 1338 723 1402 uini
738 1338 963 1420 epularumque
978 1338 1027 1401 est
1042 1335 1242 1401 nimietatem
1256 1355 1426 1411 succensus,

308 1442 517 1507 inlicientium
550 1441 689 1507 ciborum
719 1440 880 1521 crapulam
909 1458 1034 1504 summa
1062 1440 1259 1505 districtione
1290 1442 1426 1523 castiget

277 1546 339 1611 iet
366 1564 489 1611 rursum
521 1548 548 1611 si
577 1546 610 1610 iu
639 1545 810 1629 periurium
838 1548 895 1609 aut
922 1543 1043 1608 furtum
1071 1547 1126 1609 ant
1152 1543 1357 1609 homicidium
1376 1547 1452 1609 autu

307 1649 531 1730 blasphemiam
566 1650 770 1733 pecuniarum
806 1648 960 1712 desiderio
997 1652 1091 1729 atque
1127 1664 1233 1712 amore
1269 1651 1424 1731 corruptus

306 1752 448 1829 incurrit,
493 1754 658 1818 materiam
694 1752 847 1817 auaritiae
891 1751 1087 1816 inleotricem
1131 1770 1205 1815 suae
1243 1750 1424 1833 deceptionis

307 1858 461 1922 abscidat:
478 1857 505 1921 si
522 1858 553 1921 in
568 1856 748 1921 iracundiae
764 1857 880 1920 uitium
902 1856 1066 1937 superbiae
1080 1857 1222 1939 passione
1236 1855 1424 1937 conpellitur,

307 1960 508 2041 adrogantiae
521 1959 618 2042 ipsius
636 1959 779 2023 tomitem
794 1978 919 2025 summa
930 1958 1121 2024 humilitatis
1132 1958 1253 2023 uirtute
1264 1958 1423 2023 conuellat
1520 1959 1521 1966 ’

308 2068 340 2127 et
362 2064 407 2128 ita
429 2068 465 2127 ut
487 2066 727 2146 unumquodque
749 2064 913 2145 peccatum
935 2062 1035 2146 possit
1052 2061 1204 2144 extingui,
1231 2066 1449 2142 causaatqueu

307 2166 426 2231 occasio
454 2186 508 2249 per
532 2185 625 2251 quam
647 2169 699 2232 uel
721 2164 760 2231 ob
784 2185 878 2249 quam
906 2168 1079 2232 mmnsuru
1101 2171 1149 2230 est
1171 2165 1264 2230 debet
1286 2166 1422 2249 primitus
1520 2187 1521 2242 l

309 2272 474 2354 amputari.
512 2270 574 2336 isto
596 2270 680 2335 enim
703 2270 900 2337 curationum
922 2270 1061 2335 remedio
1084 2272 1123 2335 ad
1145 2267 1338 2333 obliuionem
1358 2285 1421 2349 quo
1520 2277 1521 2352 J

307 2392 366 2456 que
387 2374 595 2440 admissorum
618 2374 785 2440 criminum
807 2373 874 2438 sine
895 2373 990 2439 dubio
1012 2372 1204 2456 peruenitur.

296 2584 297 2587 Ἴ
349 2496 422 2562 XII.
446 2498 562 2563 Verum
584 2498 647 2564 ista
669 2497 846 2582 praedictae
873 2497 1042 2563 obliuiouis
1064 2494 1204 2562 delinitio
1226 2514 1319 2579 super
1346 2494 1419 2578 capi·

307 2599 423 2663 talibus
467 2605 591 2667 tantum
629 2602 673 2667 sit
709 2600 895 2666 criminibus
932 2601 1114 2677 constituta,
1160 2617 1239 2683 quae
1276 2598 1446 2683 lloyscicaa

307 2720 427 2785 quoque
463 2704 531 2787 lege
564 2706 764 2785 damnantur,
796 2722 927 2788 quornm
961 2704 1044 2769 sicut
1076 2722 1132 2787 per
1164 2704 1420 2769 conuersatiouem

309 2808 419 2871 bonam
441 2806 618 2873 abiciuntur
639 2809 692 2873 uel
714 2811 939 2873 consumuntur
964 2807 1116 2887 adiectus,
1139 2808 1186 2873 ita
1208 2807 1304 2873 etiam
1326 2804 1420 2889 pacni·

307 2908 408 2973 tentia
441 2912 553 2994 accipit
586 2910 687 2976 duem.
733 2917 872 2976 ceterum
906 2910 945 2975 ab
979 2910 1049 2975 istis
1082 2911 1225 2988 minutis,
1255 2911 1289 2975 in
1320 2909 1420 2991 quibus

307 3012 455 3095 septies
477 3014 613 3079 iustus
636 3014 742 3078 cadit
765 3015 801 3078 ut
822 3014 978 3097 scriptum
1000 3014 1101 3080 estet
1122 3014 1319 3096 resurgit,
1338 3030 1419 3076 nurn-

277 3121 400 3198 aquam
426 3116 523 3182 decrit
551 3115 727 3200 paenitudo.
766 3121 821 3182 ant
852 3117 936 3182 euim
965 3134 1020 3201 per
1048 3117 1271 3200 ignorantiam,
1301 3118 1354 3180 aut
1373 3130 1444 3197 pora

409 3355 443 3409 24
462 3354 539 3411 Pron.
558 3354 601 3421 al,
622 3356 654 3411 16

361 3582 373 3634 l
399 3580 520 3635 adiectus
544 3580 598 3633 K¹=
628 3579 673 3633 aff.
694 3580 786 3635 0K²Z
813 3578 921 3633 effectus
938 3578 997 3634 BF
1097 3578 1258 3647 2optiucre
1276 3576 1303 3631 B
1394 3586 1417 3623 ot
1519 3565 1520 3636 ξ

308 3680 383 3735 posse
399 3666 459 3720 BF
551 3666 629 3719 isui
646 3680 696 3719 om.
714 3664 753 3734 βυ
849 3664 1095 3718 8habuudantiam
1113 3662 1174 3719 BF
1265 3662 1416 3717 nimietatem
1519 3655 1520 3658 ’

304 3752 416 3820 scripsi:
445 3750 586 3806 nimietate
608 3752 686 3807 codd.
712 3770 728 3806 o
831 3750 1051 3806 ilinlicieutium
1074 3748 1135 3805 Fr:
1169 3748 1337 3805 inlicentium
1353 3742 1417 3799 B¹0¹

307 3837 473 3893 inlicitorum
485 3838 526 3893 13²
543 3838 650 3892 inlicita
664 3839 699 3894 0⁸
716 3838 850 3892 inlicitam
861 3838 900 3907 dc
977 3836 1104 3907 cyborum
1115 3836 1143 3891 B
1221 3832 1362 3905 crapulaO

306 3922 479 3977 destrictione
495 3923 560 3979 ΡΟ
662 3925 693 3978 ll
713 3924 881 3978 blasfemiam
902 3924 968 3979 Oct
986 3923 1017 3991 (b
1032 3938 1067 3978 cs
1085 3924 1113 3993 p)
1131 3922 1164 3977 K
1270 3920 1304 3975 la
1318 3913 1417 3973 abscidit

308 4008 341 4065 0¹
446 4008 605 4079 propellitur
630 4010 670 4080 βυ
774 4011 808 4065 14
833 4010 966 4064 conuellet
995 4008 1031 4065 0¹
1135 4008 1168 4063 lb
1189 4010 1219 4063 et
1236 4011 1270 4063 ut
1285 4008 1324 4061 ita
1344 4003 1369 4058 B
1391 4002 1417 4053 ut

307 4094 407 4151 ΜΡ
507 4096 539 4149 l'i
562 4100 701 4165 amputare
724 4096 819 4152 B¹FO
921 4096 1021 4149 etenim
1044 4095 1083 4165 βυ
1172 4094 1209 4149 20
1230 4092 1357 4163 moysaica
1371 4087 1416 4141 13¹:

307 4198 429 4253 mosayca
458 4180 524 4239 OK‘
559 4183 675 4243 mosaica
702 4183 760 4237 rest
867 4182 899 4237 21
928 4183 1128 4237 conuersiouem
1155 4180 1190 4236 0¹
1292 4177 1326 4233 29
1347 4172 1416 4245 penit

307 4268 385 4339 Boc
492 4268 528 4324 23
554 4269 680 4323 minutiis
707 4268 747 4323 K'
850 4269 886 4322 24
911 4268 1042 4323 scribtum
1067 4268 1093 4321 Z
1193 4266 1314 4335 resurget
1340 4261 1362 4317 0

307 4356 342 4410 25
358 4355 504 4426 paenitudo
522 4355 607 4411 decrit
625 4356 655 4410 F
746 4374 749 4381 ·
