3092 4967
339 432 402 500 350
730 432 895 487 Iohannis
913 430 1071 487 Cassiani

337 638 497 705 negamus.
535 622 641 684 utrum
664 623 768 685 eutem
791 620 823 685 et
844 619 1032 685 dormientes
1054 620 1113 686 heo
1127 619 1343 703 inquietudine
1357 639 1445 687 ornem
1516 691 1517 712 χ

336 723 490 805 possimus
512 721 656 787 uolumus
679 722 809 787 edoceri.
848 722 969 788 duabus
991 723 1179 806 namquede
1195 723 1298 788 oensis
1312 724 1446 806 possibile
1516 725 1517 818 ζ

336 824 393 890 hoo
423 840 488 889 esse
515 843 577 889 non
599 824 770 889 oredimus:
801 841 877 907 quae
898 824 972 889 iioet
993 826 1109 907 absque
1134 825 1325 891 uereoundia
1345 844 1446 909 neque·
1516 825 1517 910 t

335 946 425 993 emus
452 926 551 1005 effari,
578 931 694 1010 tumen,
723 927 868 1010 quoniam
895 928 954 993 boo
981 929 1152 995 medisinae
1173 928 1272 1010 ipsius
1295 930 1447 994 necessitas

336 1030 430 1113 uegit,
455 1048 640 1113 quaesumus
663 1034 700 1095 ut
722 1048 793 1096 oum
814 1031 907 1096 uenis
928 1030 984 1113 tui,
1009 1031 1038 1096 si
1052 1048 1113 1113 qna
1126 1032 1208 1097 torte
1221 1030 1472 1097 inuerecundinrs
1516 1075 1517 1106 3

336 1133 454 1199 tuerint
475 1132 641 1211 denuderis,
666 1132 829 1215 suscipias.
865 1132 1003 1215 primum
1026 1151 1100 1217 ergo
1122 1136 1178 1213 est,
1195 1133 1278 1217 quod
1291 1150 1347 1218 per
1360 1132 1449 1198 somni

335 1238 472 1319 quietem
505 1234 619 1302 mentis
654 1237 758 1320 uigore
791 1236 894 1302 iurato
930 1234 1090 1302 obseruari
1124 1254 1321 1319 nequequam
1353 1236 1449 1301 ualeat
1516 1271 1517 1288 .

336 1339 421 1405 iilius
436 1336 639 1405 oonmotionis
653 1337 803 1424 obreptio,
816 1338 960 1414 seeundo,
973 1339 1056 1421 quod
1071 1339 1168 1405 etiam
1183 1340 1293 1404 urinae
1306 1337 1448 1412 pollentio,

337 1457 409 1507 oum
431 1442 553 1507 uesioee
575 1440 779 1524 asperitatem
801 1441 1033 1524 quiesoeutibne
1060 1442 1151 1507 nobis
1177 1441 1367 1508 indesinenti
1386 1458 1449 1506 oon·
1516 1449 1517 1456 ’

231 1542 232 1547 ’
336 1546 421 1611 fluxu
437 1544 551 1612 intumi
566 1545 681 1611 umoris
696 1544 877 1630 oppleuerit,
896 1544 1010 1611 excitet
1023 1545 1167 1611 membra
1180 1544 1363 1627 maroeutiq
1378 1543 1474 1627 quode
1516 1579 1517 1590 ³

337 1648 434 1713 etiem
461 1648 601 1731 paruulis
628 1648 680 1714 uel
708 1649 896 1731 spadonibus
925 1648 1034 1715 eadem
1062 1648 1269 1714 nihilominus
1296 1650 1365 1732 lege
1385 1664 1449 1711 oon·
1516 1705 1517 1708 ,

336 1854 512 1933 adsensum,
541 1853 720 1921 confusione
747 1857 854 1921 tamem
882 1872 953 1920 eam
984 1853 1133 1922 humiliet
1164 1854 1329 1937 turpitudo
1360 1868 1448 1917 mem·
1516 1847 1517 1884 ³

336 1956 471 2021 brorum.

379 2060 417 2125 X.
456 2076 680 2126 messuros:
724 2060 867 2143 Apparet
903 2077 958 2127 uos
1002 2062 1135 2127 neodnm
1171 2078 1265 2125 uerae
1301 2055 1472 2124 seruerim
1516 2107 1517 2112 ,

335 2163 498 2247 agnouisse
519 2162 681 2247 uirtutem,
704 2163 954 2248 qnandoquidem
982 2162 1189 2229 distriotionia
1211 2162 1330 2229 auxilio
1350 2174 1445 2225 eamr

336 2264 542 2349 uigilantibus
565 2268 688 2331 tantum
713 2266 842 2333 eraditis
863 2266 1023 2344 retentari,
1047 2270 1080 2332 et
1100 2266 1176 2332 inde
1199 2268 1249 2330 est
1271 2262 1352 2349 quod
1365 2262 1443 2346 pota·

336 2368 379 2434 tis
408 2387 427 2434 a
452 2368 680 2435 dormientibus
708 2370 799 2452 quasi
827 2368 929 2451 rigore
958 2368 1056 2434 animi
1082 2369 1220 2434 resoluto
1248 2366 1442 2451 integn'tetem

337 2490 398 2538 non
418 2490 506 2557 posse
528 2473 656 2538 seruari.
693 2490 784 2555 porro
809 2471 938 2537 eastitas
959 2488 1022 2537 noe
1043 2470 1081 2536 ut
1094 2469 1296 2537 arbitremini
1309 2465 1444 2536 distrieti·

337 2575 404 2639 onis
426 2574 589 2657 praesidio,
613 2574 666 2639 sed
689 2592 796 2639 umore
817 2575 866 2640 sui
888 2579 921 2639 et
934 2576 1076 2660 proprios
1090 2574 1238 2657 puritatis
1254 2570 1473 2639 deleotationaar

337 2677 491 2743 subsistit.
528 2692 591 2742 non
619 2678 702 2743 enim
725 2679 863 2761 uastitas,
890 2678 945 2743 sed
967 2676 1158 2743 rontinentia
1179 2674 1305 2755 dieitur,
1327 2674 1377 2739 ubi
1395 2672 1445 2736 ad·

306 2780 398 2846 iheu
426 2778 454 2843 ei
484 2778 588 2864 eliqua
609 2780 729 2846 resistit
757 2781 932 2847 edoersitas
956 2780 1138 2863 uoluptatis.
1175 2780 1293 2845 uidetis
1315 2794 1383 2860 ergo
1401 2774 1445 2839 bis

339 2882 392 2965 qui
413 2882 570 2949 eastitatis
593 2879 738 2949 addetum
760 2902 817 2969 per
838 2883 888 2950 dei
914 2884 1050 2969 gratiam
1072 2882 1256 2949 medullitus
1279 2876 1445 2963 reeepermi

337 2984 543 3051 disbriotionis
565 2987 770 3052 uenationem
790 3005 864 3052 oum
878 2986 1039 3052 dormiunt
1053 3006 1116 3052 non
1129 2986 1247 3064 masso,
1271 3003 1349 3068 quae
1360 2978 1445 3047 intda

338 3088 435 3155 etiem
462 3087 669 3173 uigilantibus
697 3090 820 3156 untione
848 3089 1023 3156 summeium
1048 3088 1271 3172 oonprobatur.
1308 3079 1475 3169 quidquiin

337 3192 421 3257 enim
449 3208 520 3257 oum
536 3191 656 3257 ‘labore
679 3192 893 3276 eouprimibur‚
919 3192 1108 3275 temporales
1132 3190 1296 3259 diniensi
1316 3185 1445 3273 prout&

338 3294 486 3375 indutiae,
518 3312 579 3360 nou
612 3298 718 3362 tamen
751 3300 935 3379 perpetuam
966 3295 1144 3362 muniatis
1176 3294 1315 3378 quietem
1345 3286 1446 3358 tribuit
1516 3317 1517 3320 ¹

337 3396 409 3478 post
423 3397 575 3463 laborem:
591 3397 741 3481 quidquid
756 3400 862 3465 autem
878 3396 1031 3481 protunda
1045 3396 1142 3463 inerit
1156 3396 1276 3487 uirtute
1290 3390 1446 3463 demeum

338 3496 454 3582 absque
482 3499 548 3565 uile
576 3499 803 3583 inquietudinis
827 3501 999 3586 suspicione
1027 3501 1222 3586 ooupusitum
1244 3500 1354 3584 iugem
1370 3490 1446 3579 petit

391 3716 492 3771 lhrmo
509 3716 695 3787 mqmetndine
712 3720 742 3771 Π
826 3718 1000 3789 2possumos
1015 3719 1056 3774 11¹
1142 3718 1371 3790 possibilemque
1385 3726 1446 3771 απ.

336 3801 550 3870 eaporiteii.
602 3805 1044 3874 uqua(quieopeaiiioetfl¹o
1127 3805 1314 3863 sarman
1391 3797 1449 3871 qui·

337 3905 363 3956 u
444 3888 892 3995 euminennpuenieuna⁰u
990 3907 1199 3963 ommno
1300 3902 1448 3961 emessa

336 4007 366 4059 Σ
393 4006 505 4062 niemoae
521 4008 552 4059 11
573 4008 679 4065 beseiee
696 4012 722 4063 Y
814 4012 961 4081 oapaeitate
977 4012 1008 4065 Π
1101 4013 1134 4067 10
1151 4025 1255 4066 umores
1271 4005 1311 4064 Πί
1340 4002 1449 4065 bunum

335 4092 391 4145 ῬΟ
493 4092 676 4148 leuamen
776 4096 810 4150 16
831 4094 913 4152 destr.
935 4094 1022 4151 2110
1125 4098 1155 4151 17
1173 4099 1282 4152 tantum
1298 4094 1388 4151 (Μ’

337 4179 371 4233 19
387 4178 468 4233 deser.
485 4176 578 4232 ΣΠΟ
674 4180 705 4235 21
725 4180 855 4236 subsistet
870 4178 912 4235 Πί
1007 4181 1188 4237 sustinentiae
1203 4176 1233 4233 ii
1326 4178 1361 4234 'i
1374 4174 1448 4229 Ml·-

335 4263 425 4319 ΣΠΟ
522 4262 555 4319 ib
573 4266 699 4335 quiequid
714 4266 802 4322 nro
898 4267 932 4322 st
948 4270 1130 4338 conprimetnr
1146 4268 1186 4321 Πι
1282 4256 1449 4321 ii‘irrduoiai

336 4352 363 4402 P
461 4350 578 4419 quietam
596 4352 626 4404 Σ
726 4353 762 4407 28
778 4351 906 4423 quioquid
924 4345 984 4407 iit}
1021 4346 1024 4353 ’
1174 4343 1176 4346 ’
1289 4347 1294 4352 ’
