3092 4967
490 473 652 529 Conlati'o
673 473 791 541 XXIIII,
808 475 884 532 8-9.
1179 479 1250 546 ,683

167 661 276 731 vllll.
299 663 344 728 Vt
372 683 445 730 uero
474 664 514 730 ad
543 669 662 732 eertum
692 664 897 732 districtionis
922 683 1052 732 examen
1074 669 1249 740 suumn

122 764 240 831 uirium
278 767 487 849 quantitatem
528 769 634 834 metiri
677 787 815 852 congrua
857 767 1076 836 aestimatione
1111 769 1266 854 ponitis>

121 866 288 935 ouinsdam
318 873 406 938 uobis
435 874 527 952 senis,
557 874 591 938 id
621 875 669 939 est
688 873 812 939 obbatis
833 871 946 955 Apollo
968 873 1090 944 motum
1111 875 1250 941 breuiter

119 971 274 1056 indioubo,
297 975 342 1054 ut,
366 975 392 1040 si
415 989 471 1042 nos
488 977 636 1042 intimum
651 977 750 1042 uestri
766 975 868 1042 cordis
883 993 1012 1044 oramen
1029 975 1121 1042 lenius
1136 995 1250 1061 propo-

99 1075 183 1144 ssito
206 1077 299 1158 atque
321 1078 433 1144 uirtuti
448 1078 531 1144 hand
546 1081 708 1146 inferiores
724 1099 792 1145 esse
808 1081 972 1156 oensnerit
998 1081 1115 1163 absque
1128 1081 1250 1147 iaotma

111 1163 272 1262 'propositi
294 1182 392 1246 nostri
414 1182 675 1266 professionisque
698 1183 838 1265 periculo
852 1183 975 1266 patrias
988 1184 1249 1250 iuhaleitatiouem

120 1299 159 1347 ao
188 1285 355 1364 parentum
385 1283 535 1350 uioiniam
566 1287 782 1368 praesumetis,
815 1288 891 1351 oorti
916 1287 997 1369 quod
1020 1287 1248 1357 districtionom

118 1385 312 1451 humilitatis
344 1387 445 1466 lruins,
478 1407 571 1471 quem
601 1387 690 1454 nobis
721 1391 752 1454 in
783 1388 842 1454 heo
866 1391 1028 1473 prouineia
1056 1409 1118 1458 non
1144 1392 1249 1455 solum

118 1491 276 1567 uoluntas,
321 1491 376 1555 sed
417 1493 511 1557 stium
557 1493 727 1558 necessitas
770 1493 1033 1577 peregrinationis
1077 1493 1247 1576 extorquet,

86 1625 110 1664 ro
119 1593 364 1676 propinquitatis
402 1593 542 1661 adieotus
578 1601 634 1662 ant
670 1595 810 1664 ioeornm
850 1597 1015 1663 oblectatio
1053 1616 1114 1664 non
1150 1598 1248 1682 possit

119 1697 274 1764 euincere.
326 1697 365 1762 ad
402 1698 483 1764 huno
520 1701 621 1784 igitur
657 1720 748 1783 quern
785 1702 997 1784 praediximus
1033 1721 1138 1770 seneen
1170 1708 1277 1774 sumi

118 1818 286 1880 germanus
319 1817 394 1868 suus
428 1801 619 1885 intempesta
655 1809 747 1872 noete
779 1805 925 1887 uenisset,
959 1805 1118 1888 inplorans
1144 1807 1181 1871 ut
1204 1803 1248 1876 de

118 1903 310 1970 monasterio
332 1923 387 1969 suo
409 1905 566 1988 paulisper
588 1925 730 1992 egressus
745 1906 786 1974 ad
801 1908 1000 1974 euellendum
1013 1908 1135 1985 bouem,
1149 1924 1246 1990 quam

118 2025 213 2072 sueno
236 2008 369 2090 palustri
392 2008 514 2077 eminus
537 2009 699 2076 Inhaersre
720 2010 869 2078 flebiliter
891 2013 1088 2093 querebatur,
1111 2009 1141 2079 ei
1164 2011 1247 2078 esset

84 2109 244 2193 maurilio,
268 2111 340 2193 qnia
361 2129 434 2178 sum
449 2113 534 2178 solus
550 2131 747 2196 nequaquam
768 2116 874 2197 posset
888 2133 1003 2195 eruere,
1019 2113 1116 2180 abhas
1131 2112 1246 2195 Apollo

116 2213 319 2297 pertinaciter
349 2215 538 2282 obsecranti:
570 2235 633 2291 our,
665 2218 720 2296 ait,
754 2219 907 2285 iuniorem
937 2217 1068 2284 fratrem
1096 2217 1245 2296 nostrum,

116 2335 211 2399 quem
233 2317 423 2400 praeteriens
446 2319 617 2402 propiorem
641 2338 734 2401 quem
759 2339 809 2386 me
832 2320 1006 2400 haereres„
1019 2338 1081 2387 non
1103 2318 1245 2404 rogasti?

116 2437 250 2503 eumque
278 2418 333 2484 ille
361 2439 447 2486 sum·
463 2423 597 2488 mortem
626 2423 704 2490 olim
733 2425 847 2506 sepulti
868 2425 976 2492 fratris
998 2424 1132 2490 oblitum
1154 2424 1187 2489 et
1209 2439 1244 2491 er

116 2525 217 2588 nimia
239 2525 450 2590 continentiae
474 2544 510 2592 ao
525 2527 704 2594 solitudinis
722 2527 855 2611 iugitate
870 2527 960 2592 uelut
974 2529 1113 2610 inpotem
1128 2525 1243 2595 montis

81 2625 303 2696 „existimans
327 2627 551 2711 respondisset:
576 2631 840 2712 quenadmodum
861 2631 1002 2712 poterum
1024 2630 1063 2697 de
1078 2628 1243 2712 sepnlohro
1343 2663 1348 2672 -

116 2747 189 2796 eum
213 2730 266 2812 qui
289 2731 362 2796 ante
384 2749 480 2798 annos
502 2733 682 2814 quindeuim
706 2733 785 2802 obiit
807 2735 978 2804 innodare?
999 2734 1095 2802 abbas
1110 2731 1272 2815 apulus

115 2833 243 2915 ignoras
265 2850 347 2916 ergo,
369 2835 426 2917 uit,
448 2853 498 2902 ms
528 2856 648 2920 quoque
676 2839 749 2906 ante
771 2857 867 2906 annos
896 2839 1010 2918 uiginti
1032 2837 1108 2906 inuio
1127 2833 1243 2906 nunde

116 2955 182 3002 esse
204 2936 386 3002 defunctum
410 2938 557 3022 nullaque
579 2941 641 3006 iam
674 2960 763 3024 posse
785 2946 823 3008 de
845 2942 938 3010 limus
961 2941 1058 3008 oollae
1080 2938 1243 3021 sepulchro

114 3058 196 3122 quae
234 3039 273 3105 ad
302 3035 481 3122 praesentis
519 3046 603 3113 uites
640 3047 819 3128 pertineant
855 3049 974 3115 statum
1008 3043 1067 3110 tibi
1101 3041 1241 3109 oonierre

81 3171 106 3213 αὖ
116 3144 258 3209 soleoia?
281 3163 373 3228 quem
395 3145 427 3210 in
443 3147 567 3214 tantum
591 3147 734 3216 Christus
750 3150 789 3216 ab
804 3150 980 3216 intentione
995 3143 1242 3221 mortificationis

114 3248 262 3330 adreptus
299 3249 350 3315 uel
388 3250 543 3318 modicum
578 3253 616 3318 ad
650 3253 873 3329 extrahendum
911 3253 1023 3319 bouem
1056 3255 1148 3318 tuum
1180 3265 1241 3321 non

115 3349 237 3434 patitur
265 3351 407 3429 relaruri,
438 3356 473 3418 ut
501 3373 539 3418 ne
569 3355 745 3423 breuissimi
775 3355 901 3437 quidem
931 3354 1083 3434 momenti
1105 3351 1242 3430 inqutips

168 3711 190 3790 1Ι
201 3727 264 3766 nero
282 3713 326 3782 ad}
345 3729 437 3767 uorum
456 3717 484 3768 et
502 3715 560 3770 BF
652 3716 835 3771 destris-,tionis
853 3715 960 3772 B¹F¹O
1053 3711 1240 3782 2qnsntitate

114 3796 173 3850 BF
271 3799 421 3868 soppollo
448 3799 476 3854 Β
578 3802 708 3872 badque
735 3802 775 3856 Βι
876 3805 926 3856 ant
951 3800 1007 3855 FO
1035 3800 1103 3856 hunt
1129 3797 1172 3856 K¹

113 3883 350 3951 dpropositiBe
379 3885 598 3954 protemporali
701 3887 943 3942 ldostriotionsm
961 3883 1056 3942 B¹F0
1158 3883 1240 3940 901·

111 3969 220 4038 torquit
246 3969 287 4022 K¹
401 3971 433 4026 14
458 3988 539 4028 meno
565 3973 593 4028 Β
706 3974 738 4028 lo
763 3975 850 4042 possit
875 3971 909 4028 K
1014 3969 1121 4041 appollo
1145 3969 1177 4025 Β

114 4073 147 4128 16
170 4087 239 4140 quur
261 4071 345 4128 BFO
446 4063 500 4129 Irni
518 4078 547 4146 (a'.
566 4092 588 4130 e.
606 4077 733 4143 fratrum)
750 4076 826 4132 Β“01
931 4075 965 4129 18
984 4073 1032 4128 ille
1050 4087 1100 4128 ors.
1117 4070 1177 4129 RF

116 4159 148 4213 is
170 4159 270 4212 nimius
293 4157 376 4214 ΒΒὍ
477 4162 522 4216 nel
547 4163 569 4218 O
672 4163 764 4232 iupotq
788 4163 816 4216 B
917 4163 953 4216 20
975 4161 1096 4230 sspnloro
1120 4157 1185 4214 OK·

113 4243 145 4297 21
170 4245 275 4312 appollo
298 4243 325 4298 Β
428 4246 462 4300 22
485 4251 548 4301 ante
569 4265 620 4303 ose.
642 4249 671 4303 B
774 4249 809 4302 28
825 4251 893 4317 esse]
911 4248 994 4303 fuisso
1010 4246 1063 4301 Ko
1165 4257 1240 4311 pulo

113 4328 156 4397 de]
181 4329 314 4399 possidere
337 4329 378 4384 K¹
481 4334 602 4402 sepulcro
621 4333 677 4389 ΘΚ
775 4335 810 4389 26
828 4337 954 4404 abreptas
972 4331 1041 4387 ΒΨ
1066 4333 1186 4399 melliti
1202 4325 1241 4381 Β*

118 4413 174 4468 OK
274 4415 307 4469 27
326 4415 482 4486 indueissd
524 4437 526 4444 ¹
