3092 4967
500 430 661 487 Conlatio
685 432 893 499 xn1‚1a-1r.
1194 437 1260 503 393

139 621 308 687 innumeris
331 623 431 689 modis
455 624 487 687 et
507 622 763 689 inscrutabilibus
785 623 846 687 uiis
869 624 962 687 deum
977 622 1111 687 salutem
1128 622 1257 687 humani

139 726 256 809 generis
271 745 436 809 procurare
450 729 483 791 et
498 726 690 808 quorundam
706 727 831 807 quidem
847 726 1018 791 nolentium
1033 741 1071 791 oc
1082 725 1258 795 sitientium

139 846 262 893 camum
286 830 325 894 ad
347 830 496 895 maiorem
520 829 650 893 incitare
673 828 882 913 flagrantiam,
905 829 1054 911 quosdam
1071 847 1145 893 uero
1159 829 1257 895 etiam

136 932 275 997 nolentes
298 932 475 1014 inritesque
498 931 679 1013 conpellere,
707 936 738 997 et
760 951 843 1000 nunc
872 933 999 1014 quidem
1021 935 1059 998 ut
1079 932 1257 1015 inpleantur

114 1050 272 1115 respuas
294 1034 418 1099 utiliter
440 1053 459 1100 a
482 1034 571 1099 nobis
594 1035 768 1103 desiderata
791 1036 980 1119 perspexerit
1001 1034 1158 1119 adunare,
1175 1056 1257 1101 nuno

136 1153 208 1201 uero
243 1138 338 1201 etiam
368 1138 466 1221 ipsius
496 1139 594 1207 sancti
623 1138 768 1205 desiderii
798 1140 951 1221 inspirare
979 1140 1132 1220 principia
1151 1142 1184 1203 et
1207 1138 1257 1206 uel

133 1240 262 1305 initium
295 1241 368 1306 boni
398 1240 498 1325 operis
529 1244 579 1307 uel
608 1244 874 1325 perseuerantiam
898 1245 1078 1312 coudouare.
1116 1241 1189 1308 inde
1210 1238 1288 1305 cett

134 1346 214 1425 qnod
238 1344 365 1409 orantes
388 1361 449 1409 non
470 1344 569 1409 solum
597 1350 803 1429 protectorem
825 1347 1077 1421 sarcinatorem,
1092 1348 1144 1414 sed
1160 1346 1256 1411 etiam

132 1447 305 1511 adiutorem
330 1464 367 1512 ac
388 1452 596 1529 susceptorem
621 1448 782 1515 domiuum
803 1448 1040 1529 proclamamus
1071 1447 1102 1511 in
1120 1465 1157 1513 eo
1171 1447 1284 1515 enim·

100 1550 216 1631 roqund
244 1550 328 1631 prior
357 1550 487 1615 aduocat
518 1556 549 1617 et
579 1552 758 1635 ignorantes
786 1570 841 1617 nos
864 1552 958 1633 atque
979 1551 1096 1617 inuitus
1118 1549 1257 1615 adtrahit

131 1652 339 1727 adsalutem,
369 1657 524 1737 protector
552 1660 645 1737 atque
678 1656 814 1720 saluator
843 1656 901 1733 eet,
929 1654 964 1720 in
992 1673 1028 1719 eo
1049 1656 1153 1719 subm
1176 1654 1256 1735 quod

131 1755 345 1821 adnitentibus
380 1756 470 1820 nobis
507 1775 596 1840 opem
633 1758 712 1821 ferre
750 1758 997 1841 refugientesque
1033 1757 1188 1838 suscipere
1221 1773 1259 1821 ao

131 1858 258 1937 munire
281 1860 451 1937 consueuit,
475 1862 694 1945 suscepturae
719 1860 877 1945 refugium
899 1861 1087 1925 nominatur.
1125 1858 1256 1941 denique

131 1962 212 2027 hanc
228 1961 469 2043 dispensationis
485 1963 535 2029 dei
551 1964 756 2045 multiplicem
774 1963 957 2047 largitatem
973 1964 1082 2029 beatus
1098 1963 1256 2045 apostolus

98 2068 239 2131 umente
274 2068 468 2145 pertractatus
502 2067 534 2132 et
567 2066 598 2131 in
635 2066 790 2147 quoddam
823 2065 999 2131 inmensum
1032 2068 1125 2147 atque
1157 2063 1255 2128 inter-

129 2168 285 2233 minabile
315 2169 442 2251 pietatis
470 2167 518 2233 dei
548 2168 675 2253 polagus
705 2189 740 2233 so
769 2168 916 2236 incidisse
939 2168 1129 2250 conspiciens
1153 2166 1255 2231 excla-

130 2272 473 2343 mauitroaltitudo
497 2270 735 2340 diuitiarum
759 2270 1256 2353 sapientiaeetsoientiae

129 2376 212 2440 dei:
245 2393 356 2457 quarn
388 2375 675 2449 inscrutabilia
703 2377 853 2444 iudicia
880 2372 942 2439 dei
970 2376 1009 2442 et
1038 2372 1254 2453 inuestiga-

129 2479 239 2548 bilcs
292 2478 378 2546 uiae
428 2478 521 2546 eius.
579 2478 666 2559 quis
717 2480 818 2545 enim
869 2476 1056 2561 cognouit
1099 2493 1255 2541 sensum

96 2580 304 2647 alemini?
331 2580 424 2645 huius
447 2598 520 2663 ergo
543 2582 693 2649 scientiae
720 2580 967 2657 admirationem,
991 2596 1085 2660 quam
1106 2578 1161 2643 illo
1183 2574 1287 2646 tolosa

129 2703 164 2751 ao
186 2688 299 2749 tantus
321 2683 462 2767 gentium
486 2684 637 2767 magister
660 2684 793 2767 expauit,
817 2700 967 2748 euacuare
981 2682 1152 2759 conabitur,
1171 2682 1255 2764 qnis-

128 2810 189 2873 qne
236 2789 404 2855 crediderit
446 2788 533 2856 illius
577 2789 818 2857 inaestimabilis
860 2788 964 2873 abyssi
1008 2786 1256 2873 profunditatem

129 2893 272 2961 bumana
293 2892 415 2957 ratione
436 2911 469 2957 sc
491 2910 579 2975 posse
599 2893 714 2959 metiri.
747 2896 819 2958 n'am
844 2893 897 2975 qui
920 2890 1107 2973 adplenum
1131 2888 1254 2971 dispen-

127 2996 270 3061 sationes
291 2993 352 3071 dei,
376 2992 488 3076 quibus
511 2995 645 3059 salutern
668 2993 701 3057 in
718 2994 897 3059 bominibus
912 3001 1067 3076 operatur,
1084 2992 1135 3057 nel
1152 2992 1256 3057 mente

95 3100 290 3180 ”concipere
319 3097 371 3161 uel
400 3097 547 3161 disserere
575 3116 607 3161 se
639 3114 726 3180 posse
756 3096 896 3177 contidit,
918 3096 1026 3178 procel
1049 3094 1141 3159 dubio
1163 3094 1257 3175 inpu-

127 3220 232 3286 gnans
267 3200 453 3282 apostolieae
486 3200 657 3265 sententiae
692 3200 858 3265 ueritatem
890 3197 1073 3263 scrutabilia
1106 3214 1170 3260 esee
1204 3196 1254 3259 dei

236 3437 270 3491 it
287 3436 360 3491 Rom.
380 3438 421 3499 11,
439 3434 544 3491 att-34

180 3658 302 3728 ldeum]
315 3657 434 3715 tutuo
529 3656 788 3723 assurum
817 3660 846 3712 et
862 3657 959 3723 Eltle
1052 3654 1257 3724 dfraglsntiem

127 3747 153 3803 Ο
266 3746 284 3799 5
309 3762 325 3800 a
352 3760 402 3804 ona.
428 3744 458 3799 Π
566 3762 582 3806 a
608 3745 684 3804 nobis
711 3745 818 3800 utiliter
845 3747 870 3804 Y
969 3746 1136 3813 perspexerat
1160 3744 1191 3796 Π

126 3834 307 3903 diuepemo
329 3834 358 3893 Σ
461 3832 523 3887 set
540 3836 715 3903 susceptorem
735 3832 858 3892 dean
961 3833 993 3887 11
1010 3830 1132 3890 minetur
1149 3829 1187 3881 Π1

129 3921 161 3979 la
184 3919 371 3981 adnitentibus
393 3918 493 3974 HTO:
523 3917 747 3985 annitentibusp
778 3916 959 3983 ipnitsutibua
982 3918 1010 3977 Σ
1111 3918 1256 3989 fugientes

127 4022 179 4076 que
203 4007 258 4071 mo
362 4004 525 4059 taminare
548 4006 585 4057 Π·
692 4005 724 4059 18
748 4009 812 4069 sunt
830 4004 931 4067 iudicia
953 4003 1026 4059 roe
1128 4003 1182 4074 dei]
1200 4004 1258 4070 cies

128 4092 174 4155 Or
264 4090 497 4159 ininuestipnbilos
515 4092 555 4149 Σι
582 4089 630 4145 aed
648 4090 842 4157 edomabat
859 4088 1032 4161 umtigabilee
1119 4089 1153 4143 22
1170 4089 1257 4148 orode

128 4177 200 4243 derit
222 4176 264 4229 Πι
367 4176 578 4234 inaestimabiles
600 4176 631 4227 H
658 4176 854 4240 inextimabilis
869 4176 953 4240 abissi
972 4175 997 4230 0
1099 4175 1133 4236 28
1151 4175 1255 4243 dispop-

129 4261 245 4320 nationie
269 4260 299 4313 Π
399 4262 433 4317 25
456 4262 572 4320 deserere
595 4262 634 4315 11¹
735 4263 771 4333 26
795 4262 839 4319 dei
859 4279 915 4323 erse
938 4262 997 4313 nr
1097 4259 1195 4320 indicia
1213 4260 1256 4317 dei
