3092 4967
296 444 361 509 300
688 440 852 494 Iohannis
870 437 1029 491 Cassiani

297 634 469 699 exclusam:
501 652 573 697 cnm
601 634 742 715 suspiriis
773 631 924 697 orandum
948 633 996 695 est
1018 629 1112 695 mibi:
1140 631 1233 695 deus
1256 630 1293 695 in
1315 630 1408 693 adin·

297 737 446 803 torinm
482 756 609 801 meum
654 734 834 801 intende:
880 732 1038 799 domine
1074 732 1120 797 ad
1156 732 1409 799 adiuuandum

264 840 397 906 9mihi
419 840 578 905 festina.
616 838 717 903 adhuc
739 856 789 901 me
811 836 845 900 in
869 835 1097 901 conluctatione
1119 836 1257 919 positum
1272 836 1409 901 uitiorum

296 943 440 1009 titillatio
463 942 566 1008 carnis
588 943 716 1024 repente
737 942 907 1023 conpungit
930 942 960 1005 et
982 943 1021 1006 ed
1044 957 1226 1007 consensum
1242 938 1409 1023 pertrahere

296 1044 502 1111 dormientem
536 1046 653 1110 blanda
686 1045 892 1110 oblectatione
931 1047 1076 1109 conatur:
1111 1062 1149 1109 ne
1181 1042 1264 1126 ignis
1301 1041 1435 1107 11101111

295 1150 481 1214 exaestuans
508 1150 581 1213 urat
603 1167 699 1213 suane
721 1147 840 1213 olentes
862 1146 1003 1211 flosculos
1026 1146 1189 1225 castitatis,
1220 1146 1408 1212 clamandum

296 1251 377 1317 mihi
400 1254 462 1317 est:
486 1252 582 1317 deus
605 1251 645 1314 in
669 1250 915 1315 adiutorium
942 1268 1064 1315 meum
1088 1250 1277 1317 intende:
1302 1248 1408 1315 domi·

296 1374 341 1420 ne
369 1354 416 1419 ad
443 1355 713 1419 adiuuandum
740 1353 837 1418 mibi
860 1352 1022 1417 festina.
1062 1355 1198 1421 extincta
1223 1353 1325 1417 sentio
1346 1351 1410 1417 libi·

294 1457 379 1522 dinis
413 1458 572 1523 incentiua
603 1460 635 1522 et
663 1456 832 1541 genitalem
863 1454 1013 1521 membris
1044 1457 1122 1521 meis
1155 1456 1329 1538 intepuisse
1356 1456 1411 1520 ler-

294 1578 416 1626 uorem:
445 1564 481 1625 ut
503 1565 594 1643 parta
622 1560 697 1626 haec
718 1559 832 1641 uirtus,
860 1559 957 1623 immo
979 1560 1082 1642 gratia
1104 1560 1154 1625 dei
1176 1562 1207 1625 in
1230 1578 1280 1624 me
1303 1560 1438 1625 diubnso

294 1664 347 1728 uel
369 1667 517 1748 perpetuo
539 1668 726 1745 perseueret,
754 1663 875 1727 intente
899 1663 1061 1729 dicendum
1085 1668 1132 1729 est
1148 1662 1242 1729 milri:
1265 1664 1358 1729 deus
1378 1661 1411 1727 in

294 1766 540 1833 adiutorium
576 1784 698 1831 meum
735 1765 916 1831 intende:
955 1765 1109 1831 domine
1147 1765 1192 1829 ad
1230 1766 1411 1831 adiuuan-

242 1868 383 1935 10dum
418 1868 517 1935 mihi
554 1868 716 1934 festina.
761 1870 836 1950 irae,
873 1866 1058 1950 filargyriee,
1097 1867 1246 1933 tristitiae
1284 1868 1412 1935 stimulis

294 1971 453 2054 inquietor
475 1988 626 2055 cogorque
649 1972 839 2055 propositam
872 1972 966 2053 atque
991 1972 1126 2037 amicam
1148 1971 1227 2039 inibi
1250 1972 1411 2037 interrum-

294 2095 367 2159 pere
402 2075 584 2142 lenitatem:
621 2094 660 2140 ne
695 2076 730 2139 in
769 2073 1012 2143 amaritudinem
1057 2073 1140 2141 fellis
1185 2074 1438 2156 perturbationes

293 2180 408 2245 furoris
431 2179 575 2261 abducar,
598 2198 668 2245 cum
692 2198 815 2245 summo
837 2178 915 2243 mihi
941 2180 1061 2263 gemitu
1083 2176 1340 2261 proclamandum
1355 2177 1411 2243 set:
1525 2248 1526 2255 ,

292 2284 390 2349 deus
429 2282 470 2347 in
507 2281 753 2348 adiutorium
797 2300 919 2347 meum
964 2280 1144 2347 intende:
1182 2281 1338 2347 domine
1372 2279 1411 2343 ad

291 2384 560 2451 adiuuandum
587 2383 683 2449 mihi
717 2383 879 2449 lentina.
917 2383 1048 2462 acediae,
1083 2383 1277 2465 cenodoxiae,
1309 2401 1412 2466 super·
1525 2400 1526 2420 ¹

292 2489 364 2554 biae
401 2489 534 2554 elatione
578 2492 770 2572 pertemptor
807 2503 844 2553 ao
881 2487 919 2551 de
954 2485 1089 2551 aliorum
1133 2487 1332 2570 neglegentia
1367 2486 1412 2552 uel

292 2597 397 2675 tepore
419 2592 568 2673 quiddam
589 2591 651 2657 eibi
674 2609 761 2657 mens
785 2590 896 2655 subtili
910 2590 1098 2673 cogitatione
1124 2590 1302 2657 blanditur:
1326 2609 1364 2655 ns
1385 2590 1440 2653 inu

292 2713 343 2759 me
370 2694 551 2777 praeualeat
580 2694 657 2760 haec
684 2693 805 2759 inimici
834 2692 1006 2774 perniciosa
1034 2694 1206 2777 suggestio,
1233 2711 1304 2759 cum
1335 2692 1414 2759 omni

292 2797 480 2863 contritione
502 2797 602 2863 cordis
625 2799 774 2863 omndum
798 2802 846 2863 cst
868 2796 961 2863 mihi:
993 2798 1088 2863 deus
1111 2798 1150 2861 in
1173 2796 1414 2863 adiutorium

292 2918 416 2965 meum
470 2899 653 2965 intende:
707 2900 860 2966 domine
914 2900 960 2965 ad
1008 2901 1269 2967 adiuuandum
1318 2899 1413 2965 mibi
1524 2986 1525 2991 ἵ

242 3002 455 3070 lliestina.
505 3003 697 3069 humilitatis
740 3010 772 3069 et
816 3003 1030 3085 simplicitatis
1074 3002 1210 3087 gratiam
1254 3002 1414 3086 superbiae
1524 3010 1525 3075 g

291 3111 416 3173 tumore
437 3107 576 3190 deposito
598 3107 666 3193 iugi
689 3108 914 3190 conpunctione
936 3107 1065 3189 spiritus
1087 3106 1260 3190 adquisiui:
1284 3125 1327 3171 ns
1348 3124 1442 3171 rur-a

291 3230 362 3277 sum
385 3211 522 3277 ueniat
543 3210 642 3277 mihi
663 3209 957 3294 peasnperbine
981 3212 1020 3277 et
1042 3229 1176 3277 manus
1192 3209 1413 3293 peccatoris

291 3319 450 3381 moneat
471 3333 528 3379 me
550 3314 736 3399 grauiorque
759 3317 796 3380 de
819 3313 968 3380 uictoriae
990 3332 1078 3379 meae
1098 3314 1231 3380 elatione
1247 3312 1412 3389 confodiar,

291 3418 367 3483 totis
388 3417 468 3484 mibi
489 3418 742 3500 proclamandum
765 3420 814 3483 est
835 3418 972 3483 uiribus:
996 3417 1086 3483 deus
1110 3418 1147 3483 in
1169 3416 1413 3483 adiutorium

291 3538 416 3585 mcum
465 3519 645 3587 intende:
696 3521 848 3587 domine
899 3522 946 3586 ad
998 3521 1272 3587 adiuuandum
1321 3517 1412 3585 mihi

291 3622 452 3690 festina
497 3625 736 3708 euagationibns
772 3624 896 3691 animae
933 3625 1106 3691 innumeris
1144 3642 1180 3691 ac
1217 3623 1347 3691 diuersis
1383 3621 1442 3687 etan

391 3833 426 3889 25
443 3834 487 3889 Pe.
504 3834 547 3901 35,
567 3836 600 3891 12

342 4030 581 4088 ludorandumO
682 4033 700 4087 6
721 4032 810 4087 olente
831 4033 858 4088 V
957 4032 973 4087 9
995 4033 1144 4102 gansblem
1161 4031 1203 4088 12¹
1309 4032 1342 4089 10
1357 4030 1412 4085 uir·

288 4118 359 4173 tntis
381 4117 423 4174 D¹
522 4119 555 4174 13
576 4117 723 4188 filargiriae
740 4118 796 4179 Do
824 4119 999 4191 philargiriae
1017 4120 1048 4173 X
1145 4120 1301 4175 tristiticiae
1317 4118 1346 4174 D

290 4203 323 4257 14
341 4203 477 4272 inquietus
501 4203 537 4259 V¹
635 4204 721 4274 adque
741 4205 768 4259 V
867 4204 900 4259 21
918 4205 1017 4274 pernit.
1036 4205 1066 4260 D
1163 4202 1345 4275 magnino

287 4288 546 4361 2210111111οΒ
647 4291 865 4362 16ρο001001
884 4290 1076 4363 (ἁμαρτωλῶν)
1093 4290 1150 4353 Do
1250 4290 1283 4347 at
1302 4288 1410 4361 gramm

287 4378 335 4445 qui
353 4375 393 4430 D¹
496 4376 629 4433 uictoriae
650 4376 676 4432 V
777 4393 819 4432 me
837 4376 951 4432 elatione
968 4376 1147 4433 1011011110
