3092 4967
313 388 376 455 346
704 382 868 439 lobannis
891 380 1047 438 Cassiani

313 574 525 643 ministeriam
547 573 681 639 hnmano
702 572 810 656 generi
839 572 1009 637 necessario
1032 569 1247 639 matribatum
1267 573 1436 656 tranquillo

312 696 350 745 ac
371 696 448 761 puro
472 677 574 743 cordis
596 678 825 759 contemplatur
848 675 968 741 iutuitu
989 674 1131 758 nihilque
1152 674 1288 757 amplius
1310 675 1351 743 de
1370 677 1435 743 siaa

313 780 524 847 recordatione
546 778 711 862 concipiat,
734 796 828 863 quarn
846 779 874 843 si
888 777 1099 860 operationem
1113 776 1251 845 lateram
1265 778 1318 844 uel
1333 780 1434 845 caius·

282 884 391 953 suaet
418 882 547 951 altarium
576 880 716 950 officinae
746 884 852 947 mente
880 880 1060 964 pertractet
1097 885 1203 947 sextas
1235 883 1435 949 castimoniae

312 987 428 1073 gradum
461 989 518 1065 est,
556 1004 594 1052 ae
623 984 820 1051 inlecebrosis
851 983 1125 1069 phantasmatibus
1162 983 1354 1051 feminarum
1386 987 1459 1052 uela

312 1088 465 1157 dormiens
493 1088 663 1156 inludatar.
704 1088 781 1154 licet
810 1089 894 1155 anim
922 1088 1003 1153 hanc
1033 1087 1281 1155 ludificationem
1310 1094 1432 1171 peccato

312 1211 377 1261 esse
407 1193 570 1259 obnoxiam
598 1210 660 1257 non
689 1190 860 1266 credamus,
894 1190 1163 1273 concupiscentias
1190 1193 1299 1257 tamen
1333 1192 1432 1257 adbuc

311 1294 493 1362 medullitus
522 1294 678 1361 latitantis
708 1294 860 1359 indiciam
889 1294 947 1359 est.
984 1310 1079 1376 quam
1107 1296 1214 1361 tamen
1246 1294 1431 1361 inlusionem

310 1398 441 1465 diuersis
462 1398 563 1463 modis
586 1399 709 1463 constat
729 1396 876 1464 acddere.
919 1414 991 1461 nara
1020 1397 1193 1464 secandum
1213 1396 1307 1463 illam
1330 1415 1430 1473 nsum,

311 1520 405 1587 quera
433 1500 570 1584 uigilans
598 1517 738 1567 exercere
769 1499 821 1563 ael
848 1499 984 1583 cogitare
1005 1501 1220 1579 consueuerat,
1243 1499 1344 1565 etiam
1364 1498 1458 1569 dor-a

311 1604 411 1669 miens
440 1604 651 1687 unusquisque
678 1604 862 1686 temptatur.
900 1602 993 1668 alitor
1021 1604 1106 1669 enim
1134 1602 1289 1668 fallantur
1317 1602 1353 1667 hi
1382 1604 1429 1683 qui

311 1707 467 1775 carnalem
489 1707 630 1790 copulam
651 1710 777 1784 norant,
799 1705 894 1772 alitor
925 1705 978 1789 qai
999 1705 1150 1773 femineae
1172 1709 1247 1771 aaut
1270 1705 1427 1771 conmixti·

312 1810 380 1877 ouis
413 1814 561 1893 exportes.
605 1810 639 1874 hi
672 1810 757 1875 enim
793 1808 875 1875 sicat
910 1807 1156 1891 simplicioribus
1189 1826 1225 1873 ao
1258 1798 1426 1891 purioribus

312 1913 441 1979 somniis
473 1912 641 1996 inquietari
674 1911 786 1993 solent,
823 1914 871 1979 ite
903 1912 1001 1978 etiam
1031 1911 1170 1978 faciliore
1202 1910 1370 1994 diligentia
1395 1927 1426 1975 ao

281 2018 431 2088 5minore
445 2018 574 2098 possunt
595 2014 698 2081 labore
719 2014 857 2099 purgari.
891 2013 941 2079 illi
956 2015 1062 2079 autem
1077 2012 1301 2081 sordidioribus
1317 2012 1424 2096 magis
1435 2048 1455 2089 a

312 2136 371 2202 que
406 2118 558 2200 expressis
599 2118 872 2201 phantasmatibus
909 2117 1103 2198 inludantur,
1146 2117 1244 2183 donoc
1281 2117 1424 2202 paulatin

311 2222 479 2287 secundum
494 2239 670 2288 mensuram
692 2220 859 2305 emutatis,
874 2223 914 2288 ad
928 2240 1021 2304 quam
1037 2221 1249 2304 unusquisque
1265 2219 1424 2301 contendit,

310 2322 345 2389 in
374 2326 480 2391 odium
507 2325 597 2393 illias
618 2324 665 2389 rei
687 2343 782 2408 qnam
810 2326 1018 2409 uoluptariam
1048 2329 1140 2393 antea
1160 2324 1322 2390 sentiebat
1347 2341 1424 2389 meaa

311 2430 407 2495 etiam
436 2447 543 2496 somno
572 2429 673 2513 sopita
705 2432 847 2495 dematur
871 2428 1012 2512 illudque
1034 2429 1074 2507 ei,
1097 2430 1177 2512 quod
1200 2428 1336 2496 fortibus
1355 2425 1423 2491 uiris

312 2550 367 2617 pro
395 2551 516 2599 sarnum
544 2530 689 2599 laborum
716 2532 872 2617 stipendio
902 2534 1128 2617 repromittitur
1158 2552 1212 2615 per
1243 2531 1453 2615 prophetam„

313 2636 501 2701 coucedatur
522 2654 541 2702 a
563 2635 703 2702 domiuo:
726 2637 764 2701 et
785 2652 932 2712 arcum,
956 2636 994 2701 ot
1014 2636 1204 2719 gladium,
1223 2642 1265 2703 et
1288 2634 1422 2702 bellan

312 2743 511 2805 conteram
547 2740 593 2805 de
626 2742 735 2806 terra
771 2743 892 2805 uestra:
926 2743 964 2805 at
996 2739 1169 2805 dormire
1201 2757 1257 2805 uos
1290 2737 1422 2803 faciam

282 2838 574 2915 elidacialiter.
612 2844 644 2909 et
676 2844 721 2908 ita
754 2844 878 2909 demam
911 2842 982 2925 quis
1015 2846 1054 2907 ad
1088 2842 1176 2907 illam
1209 2841 1296 2907 beati
1328 2837 1420 2906 Sereni

312 2962 539 3031 paucorumque
571 2946 723 3011 similium
756 2945 895 3011 airorrmr
927 2944 1092 3027 perueniat
1126 2944 1309 3029 paritatem,
1340 2959 1421 3025 qnam

312 3045 425 3114 idcirco
448 3065 467 3113 a
488 3048 652 3131 praedictis
675 3066 727 3115 ser
749 3048 949 3115 castimoniae
971 3048 1119 3131 gradibus
1141 3047 1344 3132 sequestrari,
1358 3046 1449 3129 quiae

312 3168 372 3217 uon
406 3152 507 3217 solam
539 3151 700 3235 possideri,
729 3151 783 3219 sed
812 3152 907 3217 etiam
935 3152 1020 3219 credi
1041 3169 1103 3217 aon
1131 3151 1192 3218 nisi
1218 3170 1238 3217 a
1265 3146 1420 3216 mnssiuis

311 3253 424 3336 potest,
446 3257 478 3319 et
499 3255 574 3336 quia
595 3255 626 3320 id
648 3254 730 3338 qaod
750 3254 801 3320 illi
822 3254 1000 3337 specialiter
1021 3256 1119 3320 diuini
1134 3256 1273 3320 maneria
1287 3250 1421 3335 largitato

312 3356 470 3423 conlatum
494 3358 542 3423 est
557 3358 687 3441 proponi
701 3357 740 3425 ad
754 3356 908 3443 generalis
923 3357 1081 3440 praecepti
1096 3374 1157 3423 aon
1171 3359 1274 3439 potest
1289 3356 1421 3429 formam,

313 3458 432 3527 scilicet
465 3463 502 3525 at
534 3479 570 3527 eo
603 3478 700 3545 usque
734 3480 823 3527 mans
855 3461 963 3526 nostra
992 3461 1146 3527 castitatis
1173 3460 1272 3545 ipsius
1300 3457 1422 3542 paritate

412 3670 445 3724 21
464 3670 573 3737 Osead,
592 3671 624 3725 18
726 3670 926 3737 sarasar

363 3866 376 3918 1
395 3866 554 3921 remerari-e
571 3868 599 3937 (a
613 3868 694 3935 crae.)
712 3868 738 3919 Τ
828 3868 845 3922 5
862 3868 931 3922 iant
948 3868 1036 3921 ΠΦΟ
1131 3870 1149 3925 8
1165 3868 1309 3926 latitantes
1325 3866 1362 3917 Πι

311 3949 345 4004 11
361 3952 493 4005 temtatur
509 3949 564 4005 ΣΟ
656 3952 696 4007 bii
714 3951 786 4007 11²0
883 3954 916 4008 13
932 3953 973 4009 hii
990 3954 1106 4007 H¹T¹0
1204 3952 1238 4008 14
1254 3953 1343 4023 etiarn]
1359 3951 1420 4005 eain

309 4034 340 4086 11
381 4082 383 4087 .
423 4036 457 4092 15
473 4036 612 4105 maiusque
629 4040 655 4091 Y
738 4038 771 4093 16
788 4039 1036 4126 fantastismatibas
1052 4040 1083 4091 Π
1107 4042 1233 4096 lantssm
1253 4035 1289 4092 0·
1358 4036 1420 4090 iala-

310 4135 391 4195 dstar
407 4137 448 4191 Πι
541 4140 574 4195 18
590 4140 746 4211 uoluptatis
762 4142 792 4193 Σ
816 4141 998 4199 uoluntariam
1016 4145 1042 4196 Y
1064 4142 1179 4197 uoluunt
1197 4143 1223 4196 0
1314 4142 1344 4197 19
1359 4136 1419 4196 illud

310 4238 413 4293 quoque
429 4223 485 4278 ΠΟ
573 4220 608 4280 90
625 4228 737 4297 summo]
754 4242 847 4283 somno
863 4228 894 4279 Π
976 4228 1044 4305 prol.
1060 4228 1092 4281 Π
1179 4229 1215 4285 sc
1232 4230 1257 4302 a]
1274 4228 1307 4287 ad
1321 4227 1359 4279 Π·

310 4307 409 4377 padus
426 4308 457 4360 Π
458 4312 466 4339 “
569 4311 603 4366 26
620 4313 755 4382 possederi
772 4314 814 4366 Π·
