3092 4967
480 473 639 530 Conlatio
663 473 719 539 XV,
744 475 821 529 o-l.
1164 477 1228 543 433

120 663 290 748 portionem,
314 662 369 730 ubi
391 664 486 729 solius
509 663 686 729 diuinitatis
708 666 755 729 est
770 663 886 747 gloria:
910 683 965 728 uos
981 665 1097 748 autem,
1113 663 1227 747 inquit,

121 767 171 832 hoc
195 767 340 833 discite
369 786 388 832 a
413 786 469 832 ms
499 767 589 850 quia
609 767 722 832 mitis
744 786 830 832 sum
854 771 890 832 et
911 767 1078 832 humilis
1101 771 1227 835 corde.

120 871 170 936 hoc
199 870 281 935 euim
313 872 361 934 est
393 868 474 952 quod
508 871 628 935 eunctis
660 871 849 954 generaliter
881 871 998 936 discere
1031 872 1063 936 et
1088 869 1257 938 exercered

119 971 254 1056 possibile
276 975 332 1053 est,
355 991 446 1055 opera
468 976 574 1038 autem
588 972 747 1056 signorum
761 975 854 1054 atque
869 973 1024 1038 uirtutum
1040 992 1095 1038 nec
1110 993 1229 1056 semper

104 1077 280 1143 sicem
293 1095 350 1142 nec
364 1075 508 1142 omnibus
522 1079 671 1142 conmoda
686 1077 762 1140 sunt
777 1095 833 1141 nec
848 1075 991 1142 omnibus
1006 1077 1225 1144 conceduntur.

119 1180 270 1246 humilitas
300 1197 372 1263 ergo
402 1182 450 1244 ost
472 1181 613 1245 omnium
636 1179 791 1263 magistra
812 1180 977 1264 uirtutum,
1000 1181 1068 1264 ipsa
1090 1185 1137 1246 est
1159 1199 1228 1247 cao-

118 1285 195 1350 leetis
215 1283 347 1350 aedificii
368 1283 586 1349 firmissimum
607 1283 854 1368 fundamentum,
870 1285 938 1367 ipsa
961 1286 1009 1348 est
1023 1286 1139 1349 donum
1155 1304 1227 1367 pro·

118 1389 211 1468 prium
252 1388 346 1470 atque
388 1388 589 1476 magnificum
631 1387 809 1454 saluatoris.
862 1387 890 1453 is
927 1391 1042 1454 etenim
1082 1388 1228 1454 uniuersa

118 1490 258 1556 miracula
291 1508 370 1573 quae
402 1489 545 1556 Christus
574 1493 719 1576 operatus
750 1495 797 1557 est
828 1491 895 1556 sine
923 1491 1060 1573 periculo
1083 1491 1227 1557 elationis

89 1595 233 1673 rondes,
264 1595 317 1677 qni
346 1595 457 1659 mitem
486 1593 647 1660 dominum
676 1612 738 1660 non
760 1593 956 1660 sublimitate
978 1593 1149 1676 signorum,
1174 1595 1227 1660 sed

117 1696 274 1778 patientiae
289 1699 383 1779 atque
397 1697 589 1764 humilitatis
606 1699 725 1764 uirtute
740 1699 890 1764 sectatur.
913 1698 966 1780 qni
981 1715 1055 1762 uero
1067 1693 1256 1763 inmundis3

117 1798 267 1881 spiritibus
290 1799 443 1884 imperare
465 1800 520 1863 aut
542 1800 766 1884 languentibus
792 1801 965 1866 sanitatum
988 1798 1068 1864 dona
1090 1800 1226 1865 conferre

117 1905 165 1967 ant
185 1903 309 1986 aliquod
331 1903 457 1986 signum
480 1901 624 1968 mirabile
645 1903 769 1987 populis
785 1905 878 1987 gestit
895 1904 1066 1982 ostendere,
1083 1903 1227 1985 quamuis

116 2006 145 2070 in
165 2007 421 2072 ostentationibus
443 2005 509 2071 suis
530 2005 647 2072 Christi
675 2009 801 2072 innobet
830 2025 953 2084 nomen,
979 2010 1085 2071 tamen
1108 2007 1227 2072 alienus

87 2127 132 2173 oa
151 2107 268 2176 Christo
289 2111 348 2190 est,
375 2111 448 2191 quia
469 2109 660 2175 humilitatis
681 2109 868 2195 magistrum
890 2108 1023 2192 superba
1045 2111 1150 2174 mente
1166 2127 1227 2176 non

115 2212 255 2294 seqnitur.
292 2232 366 2278 narn
389 2213 485 2278 etiarn
507 2231 579 2278 oum
601 2213 641 2278 ad
662 2215 785 2294 patrem
808 2232 948 2278 remeans
963 2215 1115 2294 quoddam
1131 2212 1228 2278 utita

115 2315 236 2380 dixerim
280 2316 426 2381 conderet
468 2317 704 2395 testamentum,
748 2316 806 2382 hoc
842 2313 1004 2398 discipulis
1043 2313 1227 2398 dereliquit:

114 2417 342 2498 mandatum,
385 2417 501 2501 inquit,
545 2436 685 2484 nonum
726 2420 770 2484 do
808 2417 921 2484 uobis
958 2421 999 2484 ut
1036 2418 1226 2502 diligatis

114 2519 291 2597 inuicem,
322 2521 429 2587 sicut
458 2521 584 2587 dilexi
606 2540 671 2587 uos
693 2527 736 2586 ut
757 2524 796 2587 et
817 2539 884 2586 nos
913 2521 1103 2604 diligatis
1126 2521 1227 2586 inui-

86 2640 201 2705 acem,
235 2625 406 2706 statimqne
443 2624 621 2690 subiunxit:
655 2625 693 2689 in
726 2624 798 2689 hoc
832 2628 1070 2708 cognoscent
1099 2643 1227 2690 omnes

114 2725 201 2806 qnia
221 2728 297 2792 mei
320 2729 418 2793 estis
441 2728 654 2811 discipuli,
670 2729 704 2794 si
719 2727 982 2794 dilectionem
1003 2727 1226 2794 habueritis

112 2828 283 2896 inuicem.
311 2847 373 2896 non
393 2831 439 2896 ait
461 2830 498 2897 ‘si
520 2831 611 2916 signa
631 2833 724 2914 atquo
745 2832 878 2898 uirtutes
900 2831 1048 2898 similiter
1070 2825 1256 2912 feceritis’,4

111 2932 161 2996 sed
181 2934 216 2998 si
238 2934 494 3000 dilectionem
523 2935 695 3000 inuicem
724 2934 966 3014 habueritis,
990 2953 1084 3017 quam
1107 2937 1226 3000 certum

112 3037 154 3099 est
181 3037 242 3103 nisi
271 3036 364 3104 mites
393 3039 486 3122 atque
517 3037 650 3104 humiles
674 3056 798 3104 seruare
823 3057 883 3104 non
905 3056 1002 3121 posse.
1041 3038 1227 3121 quapropter

83 3156 276 3222 auumquam
312 3141 480 3208 monachos
516 3142 625 3225 probos
662 3160 719 3208 nec
753 3140 862 3206 morbo
899 3141 1080 3206 cenodoxiae
1112 3157 1226 3206 uacuos

112 3244 203 3307 nostri
224 3243 357 3310 maiores
379 3262 448 3310 esse
469 3245 634 3324 duxerunt,
661 3245 714 3328 qui
729 3245 830 3310 semet
844 3245 927 3326 ipsos
943 3242 1108 3308 exorcistas
1123 3260 1228 3308 coram

111 3343 284 3414 bominibus
306 3347 491 3430 prolitentm
514 3352 546 3414 et
568 3347 651 3414 inter
674 3347 899 3414 admirantium
915 3347 1022 3412 tumbas
1037 3347 1119 3410 hanc
1133 3364 1227 3429 qnam

204 3585 351 3640 21.e.29
454 3586 677 3652 1810u.1a,34
779 3585 943 3643 201135

156 3809 289 3879 linquid
310 3809 336 3862 0
437 3811 550 3878 21]11
572 3811 632 3864 ΠΟ
734 3809 986 3879 bastergoHOo
1088 3809 1228 3877 ipsam?

107 3893 309 3950 fundamentum
333 3911 384 3951 om.
408 3899 434 3948 'P
532 3897 663 3951 aiax:
693 3899 798 3963 01121,
823 3897 856 3950 ia
874 3897 903 3948 Π
930 3896 1099 3950 hiscrusom
1117 3901 1156 3950 cst
1184 3895 1228 3951 his

107 3993 127 4033 a.
141 3979 159 4033 1.
176 3997 213 4034 m.
229 3984 249 4036 2
265 3980 291 4034 Ο
395 3983 429 4037 12
450 3983 573 4053 inperare
596 3984 621 4036 Ο
725 3982 759 4036 13
782 3983 885 4051 aliquot
908 3983 937 4034 Σ
965 3980 1067 4050 aliquid
1090 3982 1161 4035 11¹0

106 4049 200 4118 populo
223 4052 249 4102 Y
349 4051 384 4107 14
405 4051 517 4122 alienus]
540 4052 620 4122 longe
642 4055 668 4104 h
770 4052 962 4106 151111Σ
1064 4051 1113 4119 qui
1136 4053 1163 4104 Y

107 4134 139 4187 11
159 4135 304 4208 disdpulos
326 4137 367 4190 11¹
477 4138 626 4208 dereliquid
643 4139 674 4189 Π
699 4137 863 4206 derelinquit
885 4138 919 4190 11
949 4137 1117 4207 derelinquid
1136 4138 1161 4190 0

109 4220 140 4274 18
160 4221 254 4293 inquid
278 4224 304 4277 0
409 4224 442 4279 19
461 4225 541 4294 sicut]
559 4225 592 4277 ut
609 4226 635 4276 Y
734 4226 767 4278 ut
785 4224 823 4294 et]
843 4225 870 4278 et
888 4227 919 4277 ut
937 4225 964 4276 Σ
1066 4225 1097 4279 11
1115 4226 1143 4278 et
1154 4261 1160 4275 .
1171 4225 1228 4278 .in·

107 4306 188 4363 uicem
207 4326 258 4365 orn.
276 4312 303 4364 Y
394 4309 428 4364 22
444 4311 474 4364 in
490 4310 609 4364 inuicem
626 4309 681 4362 ῬΟ
778 4309 813 4364 23
830 4310 859 4364 in
878 4310 993 4364 inuicem
1011 4310 1037 4362 Ο
1130 4309 1228 4365 babue-

107 4393 166 4448 ritis
181 4395 212 4448 in
227 4395 343 4450 inuicem
362 4397 390 4448 ‘l'
487 4395 523 4450 25
539 4395 596 4464 nec]
615 4395 661 4450 aad
678 4397 704 4448 P
804 4394 838 4448 26
856 4395 979 4450 dixerunt
995 4395 1082 4452 1011

153 4496 232 4553 1111.
267 4515 328 4559 cm.
341 4519 362 4559 a
1090 4498 1124 4554 28
