3092 4967
288 441 350 510 156
678 440 846 496 Iohannis
867 440 1022 497 Cassiani

284 632 468 697 ooumunita
487 632 520 696 in
543 633 663 696 onnotis
684 630 942 712 temptationibus
957 631 1136 697 inoououesa
1152 630 1309 713 perduret
1332 628 1408 695 nihil

285 734 385 819 igitur
405 735 439 799 in
461 733 554 799 rebus
576 735 739 800 dumtaxat
762 734 907 799 humenis
929 734 1101 816 prinoipole
1123 732 1242 799 bouum
1265 751 1331 799 esso
1346 752 1407 798 ore-

284 838 423 904 dondnm
451 842 498 902 est
527 836 587 901 nisi
615 838 716 903 uirtus
743 837 841 903 animi
867 838 944 917 sola,
968 854 1046 919 ques
1068 835 1130 903 fido
1152 837 1272 903 sineere
1294 852 1350 903 uos
1372 836 1407 901 td

286 940 393 1006 diuina
421 940 592 1023 perdnoous
624 940 673 1005 illi
701 940 883 1006 inmutabili
905 940 983 1005 bono
1007 938 1083 1007 lnoit
1105 940 1220 1023 iugiter
1242 940 1406 1007 inhaerere.
1521 1023 1525 1038 Ι

285 1048 318 1110 et
339 1063 356 1109 o
380 1046 534 1109 oontrerio
555 1043 634 1109 nihil
656 1045 776 1109 melum
799 1062 865 1109 esse
895 1042 1060 1109 dicendum
1090 1045 1139 1109 eat
1167 1044 1229 1110 uisi
1251 1044 1437 1126 poooetuma

284 1149 397 1229 solnm,
421 1147 504 1229 quod
525 1166 545 1212 n
566 1146 648 1213 bono
670 1147 727 1213 deo
749 1164 804 1213 nos
822 1164 969 1230 separans
984 1149 1066 1213 malo
1084 1146 1159 1215 feeit
1177 1147 1300 1215 diabolo
1317 1163 1407 1229 oopu-

252 1252 351 1320 2lnri.
387 1254 490 1317 media
522 1253 597 1315 sunt
624 1268 703 1332 queo
731 1252 762 1315 in
791 1253 957 1333 utramque
985 1254 1106 1332 partem
1137 1269 1193 1332 pro
1223 1250 1347 1317 adfectu
1378 1253 1407 1315 et
1525 1270 1526 1307 1

283 1354 413 1419 arbitrio
443 1353 560 1419 utentia
590 1353 726 1419 deriuari
756 1356 895 1437 possunt,
927 1355 963 1419 ut
985 1356 1062 1435 puta
1091 1354 1232 1433 diuitiae,
1262 1354 1405 1436 potestne,

282 1458 390 1536 honor,
412 1458 506 1523 robur
526 1455 674 1540 eorporis,
698 1457 827 1541 sanitas,
851 1456 1062 1539 pulchritudo,
1081 1459 1148 1523 uita
1163 1457 1232 1539 ipsa
1247 1457 1299 1521 uel
1315 1473 1405 1528 mors,

282 1562 459 1643 paupertas,
482 1558 651 1627 iufirmitas
673 1563 783 1643 onrnh,
807 1558 939 1625 iniuriae
955 1562 986 1625 et
1001 1564 1104 1627 cetera
1117 1560 1167 1625 his
1182 1559 1313 1641 similia,
1330 1577 1405 1641 quae
1415 1580 1435 1619 o

282 1680 337 1746 pro
359 1664 512 1746 qualitate
535 1664 568 1727 et
589 1662 701 1728 affeetu
722 1663 842 1729 utentis
864 1663 917 1729 nel
938 1662 978 1729 ed
1000 1664 1112 1729 bonam
1134 1664 1266 1744 possunt
1287 1664 1405 1743 pentorn

282 1767 431 1849 prolioero
453 1766 505 1830 nel
526 1768 566 1831 ad
587 1766 714 1831 melam.
754 1786 829 1832 nem
852 1767 883 1831 et
897 1766 1028 1833 diuitiae
1050 1766 1216 1848 proficiunt
1231 1764 1406 1848 frequentor
1526 1774 1527 1843 ζ

279 1871 320 1934 ad
357 1871 474 1934 bonum
509 1870 679 1935 seeundum
716 1869 901 1954 apostolum,
941 1869 994 1952 qui
1031 1868 1229 1935 diuitibus
1273 1868 1406 1935 muudi

282 1972 400 2037 huius
422 1973 576 2055 praecipit
591 1976 627 2036 ut
649 1972 772 2038 leoile
794 1972 994 2054 tribuant,
1011 1973 1290 2038 conmunicent
1306 1972 1405 2039 indi·
1526 1988 1528 2071 ᾗ

279 2076 482 2158 gentibus,
512 2076 787 2143 thesaurizent
821 2076 900 2142 sibi
933 2077 1233 2143 fundamentum
1263 2076 1434 2141 bonurne
1527 2096 1528 2155 p

280 2179 321 2242 iu
344 2180 538 2259 futurum,
562 2183 605 2244 ut
626 2199 682 2262 per
704 2180 761 2245 hes
788 2179 1088 2262 adprehendant
1110 2198 1241 2245 ueram
1264 2179 1404 2255 uitam,

279 2283 312 2347 et
341 2284 512 2349 seeundum
542 2285 740 2369 euangelium
767 2284 866 2349 bonne
888 2287 962 2349 sunt
985 2283 1050 2347 illis
1072 2285 1126 2365 qui
1148 2282 1306 2348 laoiuut
1328 2282 1405 2347 sibi

247 2389 424 2455 damioos
454 2389 497 2453 de
528 2388 663 2470 iniquo
692 2406 879 2454 mamona.
917 2406 996 2471 queo
1028 2405 1154 2451 rursum
1187 2388 1404 2467 retorquentur

277 2492 316 2555 nd
339 2490 469 2575 malum,
492 2508 563 2556 oum
586 2492 625 2556 ad
647 2494 874 2557 recondendum
895 2491 1113 2556 tautummodo
1128 2490 1179 2555 uel
1194 2491 1233 2555 ed
1248 2489 1403 2555 luxuriem

277 2594 488 2674 eongernutur
509 2595 543 2658 ot
557 2612 618 2658 non
631 2592 672 2658 nd
688 2612 762 2659 uana
778 2593 991 2677 indigentium
1005 2593 1234 2675 dispensantur.
1266 2596 1433 2675 potestesse

276 2697 445 2776 quoquest
461 2696 557 2761 honor
572 2697 770 2778 torporisque
785 2696 878 2761 robur
897 2714 932 2760 ao
949 2695 1073 2761 sunites
1095 2714 1189 2777 quarn
1213 2694 1278 2761 siut
1300 2694 1402 2761 media

276 2800 309 2860 et
340 2798 507 2881 utrubique
540 2798 757 2865 oonueuieutia
785 2800 881 2865 etiem
909 2817 945 2864 en
972 2799 1029 2865 hoo
1057 2798 1150 2865 fenile
1184 2798 1398 2881 conprobatur,

275 2900 358 2981 quod
381 2900 473 2966 multi
496 2903 674 2967 senebruno
694 2902 729 2967 iu
749 2902 852 2968 ueteri
874 2904 1064 2969 testamento
1085 2902 1179 2985 potiti
1194 2902 1243 2969 his
1258 2903 1400 2969 omnihus

275 3008 309 3068 st
336 3006 369 3069 in
397 3005 528 3071 summis
556 3005 678 3071 diuitiis
711 3007 744 3071 et
770 3006 905 3072 eulmine
933 3006 1125 3090 dignitatum
1154 3024 1190 3071 no
1217 3004 1399 3073 fortitudine

275 3108 413 3191 eorporis
440 3109 607 3175 constituti
633 3113 689 3176 doo
716 3128 837 3194 quoque
866 3110 1072 3192 acceptissimi
1099 3108 1196 3175 fuisse
1219 3112 1430 3175 nosonutnm
1524 3188 1525 3191 Ἴ

241 3214 306 3278 det
328 3230 345 3275 e
367 3212 490 3278 diuerso
516 3213 569 3296 qui
598 3214 647 3278 his
676 3214 758 3279 mele
788 3212 878 3279 ebusi
906 3213 981 3277 sunt
1009 3213 1041 3277 et
1069 3230 1105 3277 ea
1131 3212 1169 3277 ed
1192 3212 1397 3278 ministerium
1524 3234 1525 3239 ¹

273 3333 347 3381 anae
374 3316 532 3399 nequitiae
560 3318 765 3395 detorserunt,
794 3332 855 3383 non
882 3315 1030 3383 inmerito
1057 3315 1108 3381 uel
1130 3316 1232 3397 puniti
1254 3317 1329 3381 sunt
1349 3313 1396 3379 uel

377 3528 409 3583 13
426 3528 441 3582 Ι
459 3526 529 3582 Tim.
547 3528 571 3593 6,
593 3528 692 3583 17-19
797 3528 829 3583 17
850 3527 913 3586 Lno.
931 3528 972 3595 16,
990 3529 1007 3583 9

325 3722 556 3777 looumonitaV
639 3723 703 3777 tin
720 3738 771 3780 om.
795 3724 842 3778 W¹
928 3724 1115 3781 bduoondum
1132 3725 1217 3783 D¹W
1231 3726 1269 3793 of.
1287 3742 1308 3780 o.
1328 3730 1353 3791 9,
1372 3728 1396 3779 3.

272 3809 350 3871 10‚1
444 3806 585 3861 {idiabolo
602 3808 668 3863 inoit
686 3809 726 3863 D¹
822 3810 899 3880 rin]
924 3810 993 3865 inter
1014 3810 1041 3865 V
1126 3811 1277 3866 8diriuari
1300 3812 1397 3869 VW²0

270 3892 314 3945 X¹
403 3892 517 3947 trobor
532 3892 689 3951 VD¹W¹X¹
776 3894 929 3964 puleritudo
945 3896 1001 3951 VX
1091 3898 1124 3954 13
1141 3896 1278 3953 diuitebne
1295 3899 1331 3954 V¹

270 3978 351 4057 hnius
377 3978 471 4033 mnudi
496 3978 526 4035 D
551 3997 570 4034 a
591 3984 664 4035 ond
769 3982 802 4037 14
827 3984 961 4053 prneeepit
985 3982 1037 4037 VX
1139 3985 1172 4039 15
1198 3984 1397 4041 thensaurinent
1522 3978 1523 4021 l

274 4082 323 4137 W'
352 4083 555 4139 tenentontD
641 4084 674 4139 16
691 4086 748 4155 baa]
767 4085 835 4141 hano
852 4086 886 4140 W
973 4086 1146 4141 hasdiuitiea
1164 4086 1194 4141 D
1281 4089 1316 4143 18
1333 4091 1397 4145 arni·

267 4218 316 4255 eus
345 4200 381 4255 V¹
490 4218 644 4258 mammona
668 4204 755 4261 DOX
864 4210 1067 4275 retrorquoutnr
1098 4206 1145 4262 W*
1259 4207 1292 4264 21
1320 4208 1396 4265 robor

266 4286 341 4342 DX¹
462 4289 499 4343 22
523 4290 668 4359 utrubique
698 4292 801 4348 V0x¹=
836 4292 978 4362 utrobique
1005 4294 1049 4348 X²
1083 4294 1204 4362 utrisque
1230 4294 1261 4349 D
1290 4296 1396 4366 utuiqne

274 4373 313 4429 W
411 4376 447 4429 26
463 4379 611 4431 nnaenntur
628 4376 670 4431 D¹
1521 4372 1522 4381 ¹
