3092 4967
327 451 393 518 454
720 449 886 504 Iohannis
904 448 1063 504 Cassiani

330 659 399 704 uae
427 637 493 721 qui
522 640 634 720 potat
660 637 828 704 amicum
855 657 963 704 cuum
992 639 1159 703 mitione
1190 639 1245 702 sel
1268 656 1386 712 suum,
1407 647 1438 702 ct

329 741 537 807 inebrians
558 743 603 806 ut
624 740 799 823 aspiciat
821 743 1041 808 nuditatem
1064 742 1160 807 eius.
1192 742 1369 822 repletus
1388 745 1439 804 eet

329 846 549 929 ignominia
575 863 645 928 pro
673 845 811 928 glorie
850 845 933 910 illud
963 863 1085 928 quoque
1113 846 1194 927 quod
1219 863 1274 928 por
1296 844 1388 910 alium
1407 845 1438 908 de

328 950 447 1016 talibus
475 949 609 1014 detur:
638 948 731 1031 quia
758 949 883 1014 omnio
914 949 1038 1014 frater
1071 949 1333 1032 subplantcne
1364 947 1438 1011 eut·

330 1053 554 1135 plantabit,
582 1054 622 1116 et
649 1051 774 1117 omnis
801 1051 948 1118 amicus
979 1051 1265 1118 fraudulenter
1291 1051 1466 1115 incedets

329 1160 367 1220 et
394 1158 455 1222 uir
482 1155 650 1221 fratrem
678 1173 792 1220 enum
821 1155 1043 1232 deridebit,
1074 1159 1112 1220 et
1140 1157 1354 1220 ueritatem
1378 1171 1438 1216 non

330 1259 553 1343 loquentur.
591 1261 859 1324 extenderunt
886 1262 971 1324 enim
999 1261 1178 1344 linguam
1206 1275 1312 1323 suam
1340 1255 1439 1338 queei

329 1381 461 1429 arcum
493 1363 690 1428 mendacii
719 1368 758 1428 et
786 1381 862 1429 non
891 1363 1095 1430 ueritetis.
1130 1381 1222 1446 saepe
1249 1367 1353 1426 autem
1377 1358 1439 1422 licta

329 1467 485 1550 patientie
511 1466 607 1531 etiem
634 1467 737 1531 acriue
765 1469 804 1532 ad
832 1467 1029 1532 iracundiam
1057 1485 1152 1549 quam
1172 1483 1276 1531 eermc
1297 1461 1439 1529 succendit

329 1572 362 1635 et
389 1570 603 1635 atrocissimae
632 1569 798 1635 uerborum
825 1571 1017 1637 transcendit
1043 1570 1176 1635 iniuriae
1209 1568 1347 1652 maligne
1370 1565 1464 1630 ted-o

329 1674 473 1749 turritae,
496 1673 658 1755 leuiueque
679 1673 855 1738 tolerantur
883 1673 1081 1738 inimicorum
1107 1673 1240 1738 uulnera
1261 1688 1354 1753 quam
1374 1667 1438 1732 inri-

297 1776 471 1842 ddentium
492 1776 624 1842 subdola
652 1775 875 1842 blandimenta.
912 1778 951 1842 de
979 1778 1090 1860 quibue
1118 1777 1242 1858 proprie
1263 1774 1374 1840 dicitur
1394 1789 1439 1854 per

329 1880 531 1964 prophetamt
554 1878 709 1944 molliti
730 1883 825 1945 eunt
847 1897 1044 1945 aermonee
1067 1879 1151 1944 eius
1173 1895 1291 1960 super
1311 1879 1436 1942 oleum:

329 1989 366 2048 et
404 1983 482 2066 ipei
526 1988 618 2047 eunt
661 1984 809 2065 iaculo,
846 1986 877 2047 et
913 1983 1006 2049 clibi:
1043 1983 1166 2048 uerba
1209 1982 1436 2048 callidorum

329 2086 480 2162 mollia,
511 2087 604 2152 hoec
631 2087 762 2152 autem
792 2086 944 2152 feriunt
971 2087 1010 2150 in
1032 2086 1263 2170 penetralia
1285 2083 1461 2150 uentrico

328 2190 438 2272 quibue
468 2192 563 2256 ctiam
592 2189 674 2255 illud
701 2193 804 2273 potest
834 2190 992 2273 eleganter
1019 2192 1137 2274 opteri:
1165 2191 1204 2255 in
1235 2209 1300 2254 cro
1321 2205 1435 2271 pacem

328 2309 410 2358 cum
443 2293 568 2359 amico
600 2312 667 2359 suo
698 2294 892 2377 loquitur,
927 2297 967 2360 et
999 2297 1154 2360 occulte
1187 2295 1303 2379 ponit
1333 2294 1364 2358 ei
1392 2292 1435 2356 in·
1512 2357 1513 2370 ,

327 2396 466 2472 aldios,
511 2398 623 2480 quibus
660 2399 767 2462 tamen
804 2397 957 2480 decipitur
993 2399 1096 2482 magia
1132 2399 1199 2482 ipso
1236 2398 1290 2481 qui
1326 2395 1434 2478 decipit.
1512 2389 1513 2449 l

327 2517 400 2564 nam
437 2499 502 2581 qui
539 2505 749 2582 praeparat
793 2501 883 2565 ente
921 2500 1060 2566 faeiem
1097 2501 1215 2567 amici
1252 2502 1314 2568 eui
1349 2505 1433 2576 rete,

326 2601 552 2668 circumdet
573 2605 678 2669 illud
699 2603 869 2688 pedibus
892 2606 992 2687 euie,
1016 2607 1064 2671 ei:
1086 2608 1152 2688 qui
1174 2606 1278 2672 ledit
1299 2607 1459 2670 foucano
1511 2655 1512 2696 ,

326 2707 499 2786 proximo
522 2725 608 2786 eno,
631 2708 787 2773 incidet
808 2709 848 2773 in
871 2727 952 2774 eam
970 2711 1067 2792 ipec.
1101 2710 1234 2792 denique
1250 2725 1432 2790 cummagno

326 2808 364 2870 ad
388 2809 697 2890 conprehendendum
719 2809 881 2876 dominum
905 2829 976 2876 oum
998 2812 1113 2895 glediie
1135 2813 1169 2876 et
1190 2810 1327 2878 iuetibue
1341 2807 1433 2874 multi·

326 2910 401 2976 tudo
424 2911 568 2994 uenimet,
596 2931 689 2978 nemo
717 2914 751 2978 in
774 2915 933 2980 auctorem
959 2917 1045 2982 niteo
1067 2919 1192 2980 noemae
1213 2915 1271 2980 illo
1294 2913 1432 2979 cruentior

325 3013 432 3078 extitit
459 3015 624 3096 parricida,
657 3017 710 3098 qni
738 3019 866 3082 cunctos
894 3017 967 3084 licto
995 3018 1194 3084 salutationis
1221 3017 1336 3082 honore
1355 3033 1430 3098 prae
1510 3021 1511 3044 l

296 3116 453 3182 tronione
486 3118 626 3183 oeculum
660 3119 809 3184 subdolae
843 3123 985 3186 coritetie
1017 3121 1158 3204 ingessit.
1204 3121 1256 3187 oui
1290 3121 1458 3188 dominmzo

324 3219 439 3300 Iuda,
466 3219 582 3303 inquit,
612 3220 749 3286 ceculo
780 3222 913 3287 filium
944 3223 1117 3289 hominio
1147 3223 1301 3290 tradis?
1328 3223 1359 3288 id
1377 3225 1430 3284 eet:

324 3322 497 3388 amaritudo
519 3323 739 3404 persecutionie
764 3329 858 3406 atque
881 3325 944 3390 odii
967 3329 1014 3392 tui
1037 3327 1094 3392 hoc
1116 3333 1242 3411 tegmen
1265 3321 1428 3406 adsumpsit

428 3551 440 3602 l
460 3549 530 3604 Hab.
548 3551 574 3615 2,
589 3551 688 3606 15-16
773 3553 792 3606 4
809 3551 927 3609 Hiercm.
944 3555 969 3622 9,
980 3555 1051 3609 4-6
1137 3555 1190 3609 71.
1208 3572 1230 3610 c.
1248 3555 1266 3610 3
1350 3554 1378 3608 13
1392 3551 1428 3604 Pa·

321 3635 365 3700 64,
382 3634 417 3688 22
500 3636 533 3690 14
550 3635 628 3692 Prcv.
646 3637 688 3702 26,
707 3637 741 3691 22
754 3636 850 3707 (LXX)
933 3640 964 3694 16
982 3641 1098 3696 Hicrcm.
1117 3643 1141 3709 9,
1160 3642 1177 3695 8
1260 3643 1292 3698 19
1310 3641 1380 3696 Pror-
1395 3637 1429 3695 29,
1508 3655 1509 3706 p

322 3719 339 3772 5
358 3717 454 3787 (Lxx)
553 3719 588 3776 20
605 3719 684 3777 Pron.
702 3725 745 3790 26,
764 3723 798 3780 27
816 3723 912 3794 (Lxx)
1016 3727 1050 3782 26
1068 3727 1131 3782 an
1149 3727 1192 3794 22,
1210 3728 1245 3783 48

372 3932 492 3987 4irator
509 3949 560 3988 om.
577 3937 606 3986 Σ
709 3937 932 4006 supplantabitur·
947 3941 979 3990 Σ.
1078 3941 1267 3995 deuncem
1364 3935 1428 3992 din·

322 4017 422 4071 ridebit
433 4019 504 4087 ii(c)
589 4022 736 4075 9arcue2
817 4025 851 4078 13
861 4025 972 4092 pretii
1058 4027 1092 4081 16
1102 4027 1283 4094 penetrebilio
1293 4023 1372 4078 ΣΤΟ

323 4104 355 4158 16
379 4103 510 4173 eliganter
532 4107 563 4157 Π
664 4109 697 4162 18
721 4111 809 4177 magio
830 4109 962 4180 decipitur
985 4111 1067 4168 nov
1096 4113 1188 4182 magio·
1203 4120 1294 4168 temen
1312 4109 1427 4178 decipitur

321 4191 348 4240 Τ
447 4190 541 4244 laeui
559 4207 609 4246 om.
628 4191 654 4244 2¹
753 4195 792 4248 20
811 4195 888 4249 todct
909 4195 948 4248 Π1
978 4197 1055 4252 ioucu
1078 4199 1107 4249 Σ
1210 4201 1242 4254 21
1268 4213 1299 4253 ea
1320 4195 1371 4250 ΣΟ

319 4275 357 4328 24
373 4274 526 4329 emtititli
626 4292 706 4345 quern
726 4279 774 4348 qui
793 4279 847 4336 Y'c
949 4283 984 4336 26
1002 4283 1097 4351 inquid
1116 4281 1143 4336 0
1243 4283 1329 4338 trades
1345 4281 1370 4332 Σ

320 4362 355 4414 27
373 4361 447 4414 tedii
464 4363 504 4413 ΠΙ
607 4367 736 4420 nemete
753 4367 782 4418 Σ
