3092 4967
480 490 639 546 Conlatio
663 491 753 558 XVII,
777 490 887 546 12-14.
1181 493 1244 558 473

124 681 268 747 damnosa
289 686 372 746 esset
392 701 428 749 ac
449 682 540 748 noxia
555 683 695 766 expetere
711 681 884 748 maluisset
919 679 1033 746 uidetis
1049 681 1148 764 igicrn
1160 681 1257 764 apud.

123 787 211 850 deum
235 803 295 850 non
318 801 496 866 processum
518 784 628 866 operis,
651 784 706 848 sed
722 784 963 850 destinationem
984 785 1099 850 mentis
1114 783 1242 866 inquiri.

122 887 169 952 bis
191 889 296 968 itaque
317 887 521 968 praestructis
544 889 580 950 nt
594 885 635 950 ad
648 885 840 968 propositam
863 886 1075 970 quaestionem
1098 886 1134 952 cb
1151 905 1244 970 qnam

124 990 197 1056 baec
224 988 373 1055 uniuersa
399 989 568 1071 praemissa
592 991 666 1055 sunt
696 991 901 1072 reuertamur,
932 989 1143 1072 respondeatis
1165 989 1244 1056 mihi

102 1093 266 1175 sprimitns
296 1093 402 1170 uelim,
432 1094 519 1158 ouius
547 1093 593 1161 rai
616 1111 709 1158 cansa
730 1111 786 1158 uos
808 1093 896 1158 illius
918 1093 1093 1176 sponsionis
1115 1093 1244 1159 nexibus

121 1196 292 1262 nmxsricis.

160 1317 253 1384 XIII.
286 1332 485 1382 smmsvst
519 1316 630 1381 Prima
661 1318 698 1382 ut
731 1317 866 1382 cirnmus
903 1315 1007 1384 extitit
1045 1335 1147 1394 eausa,
1183 1335 1245 1399 qua

119 1426 242 1486 nostros
275 1420 478 1486 moestificare
513 1420 649 1485 seniores
680 1439 717 1484 ac
750 1420 922 1503 praeseptis
956 1439 1061 1489 eorum
1094 1420 1275 1486 obsistera-

118 1524 314 1601 serebamus,
337 1524 486 1602 secunda·
504 1543 574 1606 qna,
598 1525 626 1588 si
648 1523 723 1606 qnid
744 1523 918 1606 perfectum
934 1529 1027 1608 atqua
1044 1524 1245 1607 magnifieum

88 1629 173 1693 nuel
200 1628 272 1692 uisu
301 1626 352 1693 nel
381 1627 490 1692 auditu
519 1627 764 1709 percepissemus
786 1646 805 1692 a
827 1627 926 1702 nobis,
958 1646 1030 1694 cum
1060 1627 1178 1692 reuersi
1206 1629 1244 1692 ad

118 1730 302 1798 coenobium
322 1730 504 1813 ¹finissemus,
534 1749 676 1796 exercere
699 1747 755 1796 nos
777 1749 865 1813 posse
887 1731 1153 1800 inconsultissima
1175 1749 1244 1812 per·

118 1835 263 1900 suasione
286 1833 482 1900 credidimus.

159 1955 269 2020 XIIII.
292 1971 432 2020 sossnn:
455 1953 545 2020 Sient
566 1956 699 2038 praefati
722 1973 842 2032 sumus,
866 1955 1035 2020 destinatio
1057 1955 1172 2020 mentis
1195 1955 1246 2020 uel

116 2059 334 2123 remuneratur
370 2057 528 2122 bominem
563 2059 615 2122 uel
648 2060 833 2124 condemnat
870 2059 1040 2124 secundnm
1078 2058 1173 2122 illude
1208 2064 1246 2123 et

86 2160 230 2226 uiator
262 2181 301 2227 se
330 2163 504 2226 inuicem
533 2159 855 2244 cogitationibus
878 2160 1158 2228 accusantibus
1179 2167 1246 2226 aut

117 2267 238 2331 etiarn
271 2263 599 2344 defendentibus,
637 2263 677 2329 in
708 2265 770 2330 die
805 2281 881 2346 qna
916 2264 1116 2332 iudicabit
1149 2265 1245 2337 dens

116 2369 279 2434 occulta
307 2367 516 2444 bominum,
546 2369 626 2432 illud
656 2369 766 2434 etiam:
799 2387 868 2452 ego
898 2372 1029 2435 autem
1065 2376 1245 2451 operaet

116 2470 385 2554 cogitatIones
407 2488 537 2536 eorum
564 2471 681 2537 nenio
704 2475 745 2536 nt
766 2489 995 2554 congregem
1018 2489 1102 2536 cum
1124 2471 1245 2538 omni·

115 2573 186 2638 bus
210 2572 403 2656 gentibus
426 2576 462 2638 et
484 2571 643 2654 linguis.
681 2574 879 2656 quamobrem
911 2573 1061 2640 desiderio
1099 2572 1244 2656 perfecti-

84 2675 196 2752 sonis,
226 2677 262 2740 ut
291 2675 392 2759 nidao,
421 2676 479 2741 boc
506 2693 561 2740 nos
589 2677 780 2742 sacramenti
808 2676 935 2742 uinculo
957 2676 1146 2759 conligsstis,
1169 2676 1244 2742 dum

116 2779 244 2844 creditis
272 2778 327 2845 illo
356 2797 424 2844 eam
452 2795 541 2861 posse
569 2779 676 2844 ordine
703 2779 913 2862 conprehendi
941 2797 1000 2862 quo
1029 2798 1112 2846 nnnc
1138 2797 1244 2862 super-

116 2883 263 2948 ueniente
291 2882 428 2964 pleniore
456 2883 572 2948 iudicio
594 2881 633 2947 ad
653 2883 882 2950 sublimitatem
907 2882 972 2948 eius
996 2881 1161 2948 conscendi
1184 2899 1244 2946 non

114 3001 205 3064 posse
237 2984 420 3065 perspicitis.
459 3001 520 3049 non
549 3002 623 3070 ergo
652 2983 847 3066 praeiudicat
882 2984 1048 3068 quidquid
1067 2985 1274 3066 discrepans2

115 3087 153 3151 ab
187 3087 247 3151 illa
284 3088 483 3169 dIspositione
515 3088 620 3154 uisum
654 3088 749 3154 fuerit
782 3089 943 3168 accidisse,
975 3089 1004 3154 si
1033 3089 1123 3154 modo
1157 3087 1245 3152 nulla

85 3190 299 3273 sprincipalis
322 3191 409 3257 illius
431 3191 580 3276 propositi
602 3192 769 3258 diuersitas
792 3191 1006 3274 subsequatur.
1042 3209 1139 3274 neque
1161 3192 1243 3278 entm

115 3293 234 3374 opificii
279 3295 459 3377 cuiusquam
503 3296 636 3360 deserite
674 3298 722 3373 est
758 3295 931 3360 demutatio
976 3294 1154 3360 ferramenti
1190 3300 1244 3380 ont

223 3478 258 3532 ιι
275 3477 350 3531 som.
363 3481 394 3559 a,
414 3480 516 3532 ns-re
621 3480 652 3533 ιι
671 3478 744 3570 asar.
762 3479 805 3544 ec,
824 3479 857 3533 rs

167 3651 183 3703 1
209 3650 278 3717 aput
301 3649 394 3702 ΣΠΟ
501 3650 518 3702 2
542 3649 733 3704 destinationes
755 3665 825 3704 corr.
849 3665 883 3704 ex
901 3648 1085 3704 distinctionis
1109 3650 1139 3702 Π
1167 3649 1245 3704 disti·

114 3735 259 3788 nctionem
282 3734 316 3786 I*
389 3773 393 3782 .
419 3735 614 3803 dperstruotis
633 3737 660 3786 Σ
761 3735 928 3804 bprimatos
947 3735 975 3786 Σ
1079 3736 1245 3803 ‘domoque

114 3821 219 3889 mpero
238 3818 364 3875 deestis
380 3822 406 3872 Y
499 3822 606 3876 exstitit
625 3822 652 3872 Π
746 3821 776 3876 ll
796 3821 853 3891 nos]
873 3837 924 3874 uon
943 3821 973 3873 Π
1063 3821 1095 3876 ld
1113 3821 1245 3882 credimus

115 3907 154 3958 Π1
260 3906 293 3960 13
309 3923 442 3962 numerus
459 3907 532 3965 decet
550 3906 626 3972 ιἰιΥ
721 3908 902 3962 destinatione
920 3907 975 3960 ΤΟ
1073 3908 1106 3962 14
1116 3923 1245 3964 remune-

115 3995 191 4048 rntor
208 3991 281 4046 ΣΟ1
310 3997 466 4048 remunerat
483 3995 570 4048 YO'c
667 3993 802 4048 bominem
821 3993 885 4050 deus
905 3995 947 4048 uel
966 3994 1018 4047 ΤΟ
1122 3993 1166 4048 nel
1184 4009 1245 4060 pon·

118 4080 261 4134 demutor
283 4080 327 4134 nel
343 4079 509 4135 condemnas
532 4081 561 4131 Σ
663 4081 840 4150 condempnat
862 4080 893 4131 Π
995 4080 1027 4136 15
1052 4079 1167 4134 inuicem
1194 4095 1244 4134 om.

115 4165 142 4217 Π
250 4165 308 4234 ant]
332 4165 376 4222 nel
399 4167 426 4216 Σ
531 4167 563 4220 16
585 4165 719 4222 iudicauit
741 4165 863 4220 dominus
886 4166 915 4218 Σ
1016 4163 1051 4220 20
1074 4166 1252 4234 sacramentit

115 4251 271 4320 sponsionis
287 4251 338 4306 He
355 4254 424 4319 (non
434 4254 469 4319 Τ)
498 4251 649 4322 sponsionis
663 4267 694 4306 sc
711 4253 870 4306 sacramenti
889 4251 914 4306 Ο
931 4253 1028 4306 om.2
1045 4265 1078 4306 eor
1096 4250 1246 4320 sponsioni·

116 4336 167 4392 bus
190 4337 354 4392 sacramemi
455 4337 488 4394 21
512 4338 624 4394 medatis
646 4338 686 4390 Π·
721 4338 876 4392 credidistis
898 4338 959 4392 Πύ
1062 4336 1096 4392 23
1119 4335 1245 4405 quIcquid

117 4423 170 4479 ΤΟ
