3092 4967
479 482 639 538 Conlatio
662 480 763 547 uuln,
783 482 894 536 11-13,
1186 484 1250 551 519

125 668 370 737 euidentissimis
392 669 561 755 patientiae
583 688 657 737 suae
680 673 813 757 fulgebit
842 671 974 750 iudiciis,
1005 690 1075 739 cnm
1099 673 1250 757 quianon

122 774 188 857 ipse
221 772 259 839 de
289 792 323 839 se
343 773 474 839 crimina
495 772 567 839 aliis
589 792 652 840 non
676 774 829 841 credenda
851 774 1025 859 iactauerit,
1049 777 1104 841 sed
1126 774 1166 841 ab
1190 778 1251 842 alio

123 878 250 944 sibimet
264 881 450 963 adroganter
465 878 588 964 ingesta
602 881 825 966 contempserit
837 884 869 946 et
879 882 1037 967 inrogatas
1049 883 1108 947 sibi
1120 884 1250 947 iniurias

122 985 290 1046 mansueta
311 980 437 1067 spiritns
460 982 706 1065 aequanimitate
729 985 880 1051 tolerarit.

8 1188 10 1193 ,
102 1138 113 1177 r
162 1116 239 1185 XII.
261 1135 461 1186 commuue:
484 1120 755 1201 Quemadmodum
778 1122 902 1205 adquiri
921 1122 971 1188 uel
985 1123 1136 1189 retentari
1150 1124 1250 1206 possit

9 1236 10 1239 ’
120 1224 182 1289 ieta
214 1222 428 1307 tranquillitas
457 1230 601 1309 optemus
635 1244 810 1310 agnoscere,
841 1230 886 1308 nt,
918 1228 1000 1293 sicut
1021 1228 1139 1295 indicto
1161 1229 1249 1294 nobis

120 1328 249 1393 silentio
282 1328 342 1393 oris
381 1327 520 1393 claustra
555 1330 784 1413 praecludimus
822 1330 1051 1413 uerborumque
1086 1331 1249 1397 licentiam

119 1430 330 1510 coheroemus‚
362 1430 408 1495 ita
437 1432 533 1497 etiam
564 1432 663 1499 cordis
697 1432 862 1499 lenitatem
895 1433 1054 1499 custodire
1083 1436 1248 1515 possimus,

119 1534 202 1615 qood
235 1552 467 1617 nonnumquam
500 1534 595 1602 etiem
625 1555 696 1601 cnm
726 1536 835 1621 lingua
857 1536 1040 1617 refrenatur,
1063 1539 1250 1604 intrinsecus

89 1638 229 1701 notamen
258 1642 378 1704 statum
408 1658 482 1704 snae
511 1640 706 1721 placiditatis
738 1640 876 1705 amittit:
907 1643 938 1705 et
968 1638 1084 1708 idcirco
1103 1660 1249 1707 mansue-

118 1740 242 1806 tudinis
265 1742 382 1807 bonum
402 1762 463 1809 non
486 1744 563 1809 alins
580 1748 684 1808 tenere
700 1742 880 1827 quempiam
896 1762 984 1826 posse
1003 1744 1064 1810 nisi
1079 1744 1250 1811 remotione

118 1844 219 1909 cellae
242 1864 279 1910 ac
300 1844 441 1911 solitario
463 1848 610 1929 putamus
635 1847 824 1913 habitaculo.

158 1981 259 2047 XIII.
282 2000 431 2049 amaru:
465 1983 622 2049 Patientia
654 2002 727 2049 uera
761 1986 855 2067 atque
886 1984 1102 2067 tranquillitas
1135 1986 1252 2067 absque

116 2085 275 2168 profunda
303 2086 405 2151 cordis
433 2085 615 2151 humilitate
644 2104 701 2151 nec
731 2086 908 2168 adquiritur
928 2106 985 2151 neo
1006 2089 1149 2153 teneturz
1171 2105 1250 2170 quae

85 2190 143 2255 sai
174 2187 217 2253 do
238 2187 297 2253 hoo
326 2188 413 2254 fonte
435 2188 638 2266 descenderit,
660 2207 718 2253 nec
740 2188 890 2255 beneficio
911 2190 1007 2255 cellae
1027 2208 1086 2255 neo
1107 2190 1251 2273 perfugio

117 2291 302 2359 solitudinis
331 2292 493 2375 indigebit.
538 2308 600 2356 uon
629 2291 714 2355 enim
747 2291 956 2372 patrocinium
989 2291 1174 2375 omnequam
1206 2292 1251 2359 roi

116 2397 313 2463 extrinsecus
335 2394 467 2477 quaerit,
491 2412 568 2477 quae
591 2394 791 2472 humilitatis,
812 2393 845 2457 id
867 2398 914 2459 est
934 2396 1135 2478 generatricis
1156 2399 1250 2479 atque

116 2498 260 2567 custodia
282 2516 356 2565 snae
371 2498 562 2564 intrinsecus
577 2498 696 2563 uirtute
712 2497 854 2563 fulcitur.
888 2498 1028 2563 ceterum
1043 2497 1071 2563 si
1085 2516 1250 2564 monemur

116 2605 157 2669 ab
188 2602 297 2684 aliquo
326 2602 474 2681 lacessiti,
504 2602 624 2667 certum
647 2605 695 2667 eet
717 2619 780 2667 non
802 2618 868 2667 esee
889 2602 923 2666 iu
945 2601 1034 2667 nobis
1056 2600 1250 2667 humilitatis

83 2706 329 2777 uiundamenta
350 2704 482 2771 firmiter
503 2704 655 2779 stabilita,
679 2705 711 2769 et
733 2703 803 2769 ideo
825 2704 866 2771 ad
881 2703 1042 2770 incursum
1057 2706 1108 2769 nel
1124 2705 1250 2787 exiguae

114 2807 317 2892 tempestatis
341 2807 514 2873 aedilicium
538 2808 681 2872 nostrum
695 2808 825 2873 ruinosa
841 2807 1048 2873 commotione
1063 2808 1248 2875 concutitur.

115 2930 178 2979 non
211 2910 295 2977 euim
326 2913 409 2977 osset
436 2910 605 2977 nudabitis
635 2928 692 2977 nec
714 2912 899 2977 admiranda
920 2911 1081 2994 patientia,
1103 2912 1132 2975 si
1154 2910 1250 2977 nuum

114 3014 320 3081 inimioomm
336 3013 447 3079 iaculis
462 3013 597 3097 inpolita
608 3012 850 3096 tranquillitatis
861 3014 1056 3095 propositum
1067 3014 1249 3092 retentaret,

114 3118 170 3184 sed
202 3117 238 3183 in
268 3134 303 3181 eo
333 3121 380 3183 est
401 3118 561 3199 praeclara
583 3118 677 3200 atque
706 3116 853 3199 gloriosa,
884 3116 967 3198 quod
997 3115 1195 3183 inruentibus
1216 3114 1249 3181 in

81 3240 148 3293 sae
170 3220 420 3305 temptationum
442 3220 589 3303 procellis
618 3220 790 3288 immobilis
811 3222 999 3303 perseuerat.
1038 3236 1112 3286 nem
1132 3218 1166 3283 in
1189 3226 1279 3301 quo2

113 3323 227 3391 nexari
249 3322 415 3406 frangique
429 3322 675 3389 aduersitatibns
692 3323 841 3407 creditur,
857 3323 890 3388 in
905 3338 940 3387 eo
955 3324 1060 3405 potius
1075 3324 1248 3398 roboratur,

112 3430 145 3493 et
167 3428 204 3492 in
227 3443 263 3491 eo
285 3427 384 3510 magis
407 3427 538 3505 acuitur,
560 3424 594 3491 in
618 3444 678 3510 qno
694 3430 824 3509 putatur
839 3424 980 3491 obtundi.
1018 3424 1249 3508 sponsionibus

113 3532 204 3595 enim
237 3546 274 3595 ac
295 3528 523 3595 sustentatione
544 3529 733 3611 patientiam
755 3528 817 3595 dici
838 3529 943 3595 nullus
965 3530 1097 3612 ignorat,
1120 3532 1249 3611 ideoque

168 3820 183 3875 l
210 3832 277 3888 qam
303 3818 325 3875 0
427 3820 445 3873 2
468 3819 502 3874 ab
526 3819 589 3874 aliia
615 3817 717 3875 ORKo
820 3818 886 3887 alio]
904 3817 967 3872 aliis
985 3816 1037 3873 Kc
1055 3818 1126 3885 (noro
1147 3816 1181 3883 0)

110 3908 128 3962 3
147 3904 207 3960 sibi
224 3920 276 3959 om.
298 3902 372 3960 oxu
473 3904 621 3974 dapiritns
640 3904 737 3962 BFR:
764 3904 853 3960 cordis
875 3902 950 3959 OKo
972 3900 1009 3969 of.
1027 3902 1140 3971 spiritns
1156 3905 1250 3971 tepore

111 3991 153 4061 Π,
172 3996 201 4057 2,
220 3992 241 4046 4
334 3990 459 4045 tolerarit
476 3990 550 4046 B²rr
576 3991 705 4046 toleraret
722 3988 754 4045 F
776 3989 933 4045 toleranerit
949 3987 1069 4046 B'lilso
1093 3987 1250 4043 toleraberit

115 4078 141 4135 0
232 4076 494 4146 bquemammodnm
507 4076 535 4131 B
621 4078 752 4132 retentari
764 4078 817 4133 Βῆ
843 4076 1058 4131 retinerirell.o
1142 4073 1249 4129 dooer-

112 4178 208 4221 eamua
225 4160 279 4218 Kc
379 4160 496 4233 9quod]
514 4177 565 4233 qne
583 4162 624 4217 13¹
725 4177 789 4233 qum
812 4161 836 4219 0
938 4164 971 4215 11
989 4160 1140 4232 quempiam
1157 4162 1249 4214 unere

116 4249 142 4306 0
239 4248 274 4303 1o
290 4247 376 4318 adque
393 4247 421 4305 R
514 4248 547 4303 15
564 4246 726 4303 dimonderit
742 4247 782 4303 R*
872 4248 905 4302 1⁷
923 4250 1033 4317 quaeret
1050 4246 1078 4304 B
1162 4246 1249 4314 adque

112 4332 142 4391 B
251 4332 285 4389 18
302 4334 431 4389 ouetodiie
448 4330 481 4389 F
573 4332 696 4404 lulgetnr
713 4332 752 4388 Ρ·
857 4334 892 4389 19
909 4333 1010 4389 alico
1111 4331 1147 4385 24
1163 4330 1250 4400 adque

110 4422 141 4479 Β
250 4418 284 4475 25
304 4418 485 4490 temptionum
503 4418 535 4474 F
