3092 4967
574 411 734 469 Conlatio
753 414 835 479 11,1.
1223 417 1264 483 39

141 602 304 667 refectioni
327 604 427 667 cernis
449 604 619 669 malueram
642 605 798 685 deputare,
821 606 861 669 ad
878 603 1016 685 requiem
1031 604 1154 669 credam
1168 604 1263 667 uestri

141 708 278 787 eorporis
310 705 487 789 profecisse,
520 707 599 772 miii
627 723 747 789 quoque
776 708 858 773 bunc
889 712 1028 773 uenum
1056 706 1262 773 consideanti

141 810 295 875 loruorem
325 809 503 875 sollicitudo
531 810 630 875 maior
650 809 817 877 incumbit
844 828 968 877 neeesse
990 811 1039 875 est
1059 810 1145 875 enim
1167 809 1263 875 otiam

139 932 191 979 nse
221 916 254 978 in
281 912 486 997 persoluendo
519 911 623 979 debito
657 917 743 979 tauto
775 913 924 979 maiorem
956 914 1131 979 denotionis
1156 932 1262 982 curam

118 1034 257 1100 egerere,
290 1018 408 1099 quanto
440 1034 495 1081 nos
522 1016 556 1082 id
583 1017 741 1083 adtentius
774 1017 866 1085 uideo
899 1018 1063 1099 postulare,
1093 1015 1264 1081 secundnm

139 1117 1265 1204 illamsoutentiamrsisederisoenareadmenscmpoteutis,

138 1225 355 1307 sapienter
384 1223 583 1307 intellege
613 1242 710 1306 quae
739 1226 990 1307 adponuntur
1021 1223 1117 1302 tibi,
1148 1224 1187 1288 et
1207 1221 1263 1289 in·

138 1328 260 1393 mitte
293 1347 443 1395 manum
477 1329 600 1404 tuam,
634 1329 765 1394 sciens
794 1329 885 1413 quie
911 1328 1014 1395 talia
1041 1332 1080 1391 te
1104 1329 1265 1411 oportet

138 1450 385 1515 praeparare.
424 1432 625 1514 quamobrem
641 1431 773 1497 debono
790 1430 987 1498 discretionis
1003 1432 1131 1513 eiusque
1146 1425 1294 1495 uirtute2

105 1554 130 1595 ro
140 1536 267 1613 dicturi,
289 1537 321 1601 in
345 1553 438 1617 quum
460 1553 560 1600 sermo
582 1540 750 1601 noeturnae
778 1532 965 1603 conlationis
987 1536 1146 1619 ingressus
1168 1531 1262 1597 finem

139 1641 265 1705 nostrae
297 1637 503 1720 disputationi
536 1639 630 1723 dedit,
664 1656 836 1723 congruum
863 1640 1018 1706 eredimus
1046 1636 1262 1703 excellentiam

141 1742 207 1807 eius
229 1742 354 1825 patrum
375 1741 477 1823 primo
498 1743 678 1822 consignare
692 1743 869 1821 sententiis,
891 1745 927 1807 ut
949 1761 1021 1807 oum
1036 1737 1176 1823 patuerit
1187 1737 1262 1821 quid

140 1846 177 1911 de
193 1844 251 1911 ille
265 1845 421 1911 senserint
436 1845 487 1911 uel
502 1845 773 1927 pronuntiauerint
784 1846 915 1911 maiores
927 1844 1036 1921 nostri,
1052 1847 1122 1909 turn
1133 1838 1262 1924 prolatis

140 1952 205 2015 tam
234 1947 374 2031 antiquis
402 1966 495 2029 quam
528 1948 703 2015 recentibus
731 1950 833 2015 ruinis
856 1953 888 2015 et
909 1948 1032 2015 casibus
1058 1948 1262 2021 diuersorum,

105 2052 192 2135 equi
214 2070 269 2135 pro
292 2072 328 2117 eo
350 2052 430 2135 quod
453 2053 558 2119 minus
574 2071 642 2119 earn
657 2053 781 2119 fuerant
802 2054 943 2119 adsecuti
960 2052 1131 2135 pernicioso
1148 2046 1261 2114 deiecti

141 2158 213 2220 snut
235 2155 336 2237 lapsu,
359 2156 394 2219 in
415 2157 567 2237 quantum
589 2173 752 2239 possumus
781 2156 935 2223 utilitates
958 2156 1024 2223 eius
1046 2158 1078 2220 et
1099 2152 1262 2221 commode

140 2261 358 2325 retractemus:
397 2256 509 2340 quibus
546 2256 691 2325 dieeusds
724 2261 985 2341 quemadmodum
1017 2261 1158 2341 expetere
1191 2272 1261 2321 eam

140 2363 231 2443 alque
260 2360 398 2426 excolere
425 2360 592 2427 debeamus
621 2362 779 2429 efficacius
802 2364 1004 2442 instruamur,
1033 2360 1261 2427 considerantes

139 2464 242 2529 meriti
277 2464 345 2529 eius
373 2465 406 2529 et
431 2465 554 2547 gratiae
585 2464 781 2549 dignitatem.
819 2470 868 2531 est
895 2467 979 2531 enim
1009 2482 1072 2529 non
1097 2456 1290 2529 mediocris3

105 2566 289 2649 ²⁰‹prorredam
321 2566 423 2633 uirtus
456 2586 514 2633 nec
542 2586 620 2651 quac
652 2568 789 2635 humana
821 2570 938 2651 pmsim
966 2568 1071 2633 ualeat
1103 2563 1260 2631 industrie

136 2668 353 2753 conprehendi,
376 2670 436 2735 nisi
451 2670 557 2735 diuina
576 2670 673 2737 luerit
686 2672 835 2755 largitate
857 2674 988 2745 conlate.
1011 2671 1164 2753 siquidem
1177 2668 1261 2733 inter

135 2772 332 2841 nobilissima
359 2772 489 2855 spiritus
512 2776 611 2840 saneti
638 2775 717 2839 dona
740 2776 821 2842 hauc
849 2792 969 2857 quoque
992 2774 1037 2839 ite
1058 2774 1199 2857 legamus
1221 2771 1259 2837 ab

134 2875 275 2958 apostolo
291 2876 463 2943 numerari:
480 2876 552 2941 alii
576 2879 694 2943 detur
716 2878 988 2963 perspiritum
1009 2895 1135 2941 sermo
1158 2874 1260 2956 sapi-

134 2980 288 3059 entiae,
332 2979 409 3045 alii
446 2999 568 3045 sermo
612 2980 810 3047 scientiae
845 2984 1060 3047 seeundum
1097 2981 1257 3043 eundem

102 3083 341 3165 sspiritum,
375 3083 450 3149 alii
476 3084 581 3149 fides
609 3086 647 3149 in
673 3085 810 3151 eodem
830 3086 996 3167 spiritu,
1029 3083 1103 3151 alii
1125 3082 1259 3167 gretia

133 3186 358 3251 sanitatum
381 3186 419 3249 in
443 3204 517 3251 uno
531 3188 698 3270 spiritu,
715 3189 830 3271 etpost
843 3205 956 3269 pauca:
973 3186 1049 3252 alii
1064 3186 1257 3257 discretio

133 3288 360 3371 spirituum.
385 3288 495 3355 deinde
518 3290 656 3372 conplete
679 3290 763 3355 omni
779 3292 920 3373 catalogo
936 3290 1125 3375 spiritalium
1139 3288 1258 3353 cheris-

133 3396 256 3457 matnm
279 3393 399 3459 subdit:
422 3392 693 3459 omniacutem
709 3393 1116 3476 beeoopereturnnus
1139 3396 1258 3475 atque

133 3495 235 3561 idem
281 3492 471 3576 spiritus,
515 3495 703 3563 diuidens
747 3495 959 3579 uuicuique
1003 3500 1124 3577 prout
1160 3493 1256 3559 uult.

149 3800 167 3855 ⁰
235 3716 357 3855 ossrgrov.
380 3716 423 3781 se,
447 3716 513 3770 1-c
532 3714 626 3785 (unx)
731 3716 765 3771 ee
790 3716 882 3772 rcor.
907 3718 948 3784 rs,
969 3718 1037 3772 c-e
1138 3718 1173 3773 se
1199 3718 1218 3771 r.
1235 3733 1256 3769 c,

136 3804 146 3853 r
322 3802 340 3857 r.
359 3816 381 3855 e.
400 3802 430 3855 11

185 4004 376 4059 1ma11ueram
393 4005 434 4059 D¹
528 4008 545 4060 2
563 4006 695 4075 proficisse
712 4008 775 4062 DX
867 4010 884 4063 6
901 4024 994 4079 cenare
1015 4010 1054 4067 W
1153 4012 1185 4064 11
1203 4010 1255 4065 dis·

135 4088 271 4158 potatione
297 4090 340 4144 D¹
453 4092 487 4145 lt
512 4106 617 4161 merum
637 4098 661 4157 (t
678 4096 759 4161 nas.)
785 4094 817 4149 D
926 4098 958 4150 lb
984 4098 1133 4164 perniciosa
1158 4097 1189 4151 D

137 4175 166 4229 le
184 4176 317 4229 utilitatis
341 4176 380 4231 W
479 4178 511 4233 18
528 4178 615 4247 adque
635 4179 673 4235 W
774 4180 906 4236 efficatius
922 4181 997 4238 DW
1094 4182 1257 4237 instrmrnus

140 4261 175 4315 W
275 4260 311 4315 22
326 4262 449 4331 legamus
470 4264 520 4321 Wr
550 4263 664 4333 legimus
681 4264 763 4320 DXo
867 4268 901 4323 al
924 4268 1043 4336 cataligo
1062 4267 1102 4322 D'
1132 4269 1257 4337 malope

135 4345 204 4401 D’X
302 4346 407 4401 ceriam.
426 4346 457 4401 X
553 4349 587 4404 28
608 4349 730 4405 subdidit
747 4353 819 4407 omia
838 4353 890 4421 (dit
907 4355 977 4409 omia
993 4355 1026 4409 ior
1042 4360 1109 4420 ros.)
1126 4356 1156 4409 D
