3092 4967
322 441 385 509 578
713 436 876 491 lobannis
899 434 1055 493 cassiani

321 630 406 713 piet
442 633 480 695 et
515 628 641 693 uitam
678 630 878 694 aeternam
915 626 1150 710 possidebit
1194 646 1253 692 neo
1290 626 1448 693 inmerito.

322 750 383 798 non
413 733 496 798 enim
525 734 592 797 mm
623 731 783 797 laudabile
811 732 860 797 est
879 733 907 797 si
928 733 969 798 nb
989 730 1120 797 inlicitis
1146 748 1241 814 qnam
1262 732 1292 795 ei
1314 733 1414 797 etiam
1435 750 1451 796 a

321 836 417 903 licitis
440 837 649 918 temperemus
672 836 705 900 et
719 834 768 899 bis
788 837 916 917 propter
928 835 996 901 eins
1012 834 1222 901 reuerentiam
1236 852 1301 901 non
1314 838 1449 910 utamur,

321 943 375 1026 qui
405 958 441 1006 ea
470 940 559 1006 nobis
588 938 715 1021 propter
744 937 962 1003 infirmitatem
990 938 1130 1004 nostram
1159 936 1277 1003 utenda
1297 936 1458 1019 permisit>

291 1044 427 1129 titoque
459 1043 487 1109 si
520 1041 617 1109 etiam
638 1042 683 1123 hi,
717 1041 772 1125 qui
805 1042 941 1107 deumne
971 1041 1132 1109 fructum
1161 1060 1291 1108 suorum
1316 1039 1466 1106 fideliters

321 1149 484 1216 offerentes
505 1147 679 1229 praeceptis
701 1144 820 1210 domini
843 1144 1073 1228 antiquioribus
1091 1145 1295 1225 famulantur,
1318 1146 1449 1210 necdum

320 1256 447 1337 possunt
470 1248 688 1334 euangelicum
703 1250 827 1315 culmen
841 1248 1016 1329 ascendere,
1043 1247 1094 1314 illi
1107 1248 1162 1331 qni
1177 1268 1217 1315 ne
1233 1248 1310 1314 hacc
1325 1246 1448 1330 qnidam

321 1356 442 1423 faciunt
465 1358 616 1437 qnantum
638 1354 678 1417 ab
700 1370 737 1419 eo
759 1354 862 1419 absint
884 1350 1141 1417 manifestissimo
1161 1351 1341 1433 peruidetis.
1375 1369 1447 1417 nam

321 1458 582 1543 quemadmodum
611 1456 759 1537 poterunt
788 1453 989 1538 euangelicae
1017 1454 1141 1537 gratiae
1169 1473 1237 1520 esse
1266 1454 1446 1539 participes,

322 1564 374 1646 qui
403 1578 618 1628 nonsummum
646 1561 741 1625 etiam
767 1559 889 1625 leuiora
921 1559 1000 1643 legis
1028 1561 1195 1641 praccepta
1219 1561 1474 1625 contemnuntlo

322 1683 454 1749 quorum
484 1664 668 1729 facilitmem
697 1681 795 1746 usqne
824 1664 902 1729 adeo
931 1660 1102 1744 imperiosa
1130 1660 1322 1744 legislatoris
1355 1663 1447 1728 uerba

321 1768 489 1845 testantur,
519 1769 555 1832 ut
585 1766 682 1833 etiam
711 1766 914 1833 maledictum
945 1782 1007 1833 non
1028 1764 1222 1849 inplentibns
1243 1768 1445 1850 proponatur:

321 1871 558 1937 maledictus
601 1872 686 1937 enim
728 1872 833 1954 inquit
876 1870 943 1953 qui
986 1888 1064 1936 non
1105 1871 1375 1952 permanserit
1411 1871 1445 1936 in

321 1973 506 2039 omnibus
551 1991 647 2056 quae
690 1974 985 2064 scriptasunt
1027 1973 1067 2037 in
1103 1972 1210 2039 libro
1253 1972 1372 2057 legis,
1409 1978 1445 2038 ut

173 2068 175 2073 ’
290 2078 449 2144 4faciat
478 2096 528 2143 ee.
565 2076 617 2143 bic
638 2077 743 2143 autem
766 2094 823 2160 pro
850 2075 1044 2142 sublimitate
1065 2078 1097 2141 et
1119 2075 1304 2142 excellentia
1330 2075 1471 2142 dicituro

320 2185 555 2249 mandatorum:
593 2182 658 2265 qui
693 2181 827 2263 potest
862 2197 1006 2261 capere
1037 2179 1181 2263 capiet.
1223 2179 1293 2246 illic
1326 2179 1443 2264 legiferi

320 2285 460 2353 uiolenta
496 2285 654 2368 conpulsio
691 2288 928 2369 praeceptorum
962 2283 1082 2350 indicat
1117 2283 1326 2366 parcitatem:
1363 2302 1442 2350 con·

320 2390 448 2455 testor
481 2389 566 2456 enim
598 2387 703 2472 inquit
736 2388 848 2454 uobis
884 2387 999 2454 bodie
1034 2388 1187 2455 caelum
1219 2390 1257 2455 et
1288 2389 1439 2463 terram,

321 2492 423 2575 quod
460 2493 493 2559 si
531 2510 607 2558 non
643 2491 929 2559 custodieritis
972 2493 1162 2559 mandate
1201 2492 1348 2559 domini
1381 2491 1440 2557 dei

319 2595 463 2675 nestri,
507 2594 703 2678 peribitis
740 2614 759 2660 a
795 2596 900 2661 iacis
936 2598 1077 2662 terrae.
1127 2596 1179 2662 bic
1214 2596 1469 2681 magnificentias

319 2697 504 2763 sublimium
525 2699 743 2765 mandatorum
766 2698 837 2781 ipsa
861 2717 924 2765 nen
946 2703 1012 2766 tam
1028 2700 1213 2784 imperantis
1228 2718 1322 2783 quam
1335 2701 1439 2768 cibor·

320 2800 420 2866 tantis
446 2800 627 2867 condicione
650 2801 813 2887 signatur:
837 2802 869 2868 si
890 2803 953 2869 uis
982 2802 1186 2886 perlectus
1209 2822 1311 2885 esse,
1334 2802 1438 2881 nale,

318 2904 368 2969 lac
390 2903 448 2970 hoc
470 2907 525 2969 aut
546 2903 637 2969 illud.
670 2906 716 2973 ibi
741 2905 953 2973 inexcusabile
974 2906 1072 2973 etiam
1086 2907 1304 2975 recusantibus
1321 2907 1437 2990 Moyses

318 3008 437 3088 pondus
459 3006 591 3089 inponit,
612 3009 664 3073 hic
687 3010 820 3075 consilio
846 3011 971 3076 tentum
992 3012 1170 3079 uolentibus
1193 3013 1225 3077 et
1247 3014 1289 3078 au
1302 3008 1436 3095 perlecti·

288 3114 410 3179 torem
447 3109 668 3179 festinantibus
702 3112 820 3179 Paulus
854 3114 998 3179 occurrit.
1044 3132 1107 3181 non
1140 3115 1225 3180 enim
1257 3114 1465 3197 generalitas

421 3314 455 3369 13
481 3315 561 3371 Dent.
588 3316 631 3383 27,
654 3316 690 3371 26
794 3318 827 3373 16
854 3318 904 3373 ut
928 3320 970 3384 19,
995 3318 1026 3373 12
1130 3319 1162 3374 l'l
1189 3320 1270 3374 Dent.
1295 3322 1321 3387 l,
1342 3319 1374 3374 26

317 3398 352 3455 22
368 3400 419 3455 ut
438 3402 479 3467 19,
497 3400 529 3457 21

368 3590 386 3644 2
403 3590 523 3647 inlicitas
542 3590 580 3645 Βι
665 3592 727 3647 ese
739 3594 766 3647 in
779 3594 822 3648 his
840 3594 881 3648 K¹
970 3596 1075 3650 utimur
1084 3595 1123 3650 11ι
1214 3595 1285 3650 chii
1295 3594 1374 3652 ΕὈΚ

317 3676 435 3731 fructum
452 3675 504 3733 FO
606 3679 623 3733 8
641 3676 675 3733 ab
693 3679 735 3749 ec]
754 3680 838 3736 habeo
856 3680 888 3735 F
986 3682 1004 3735 9
1020 3681 1257 3751 quemammodum
1273 3682 1301 3737 B
1390 3693 1430 3747 po

316 3761 402 3817 tarint
421 3761 444 3818 0
542 3764 575 3817 10
591 3766 788 3835 contempnunt
805 3766 847 3820 Κ·
945 3768 976 3821 11
995 3767 1154 3823 felicitatem
1171 3768 1205 3824 Κ
1298 3769 1331 3823 13
1346 3763 1429 3835 inquid

317 3846 387 3901 ΕΚ*
489 3850 522 3903 14
539 3848 609 3919 legis
626 3852 659 3906 nt
676 3848 779 3922 (νόμον
796 3855 846 3907 τοῦ
864 3855 992 3921 ποιῆσαι)
1009 3854 1076 3909 BF:
1107 3855 1177 3925 legis
1193 3854 1275 3911 huius
1292 3857 1324 3910 nt
1341 3850 1428 3922 (νόμον

316 3929 417 3987 τούτου
435 3935 563 4005 ποιῆσαι)
583 3936 657 3993 0Κο
761 3939 795 3993 lb
816 3937 1013 3995 sublimitatem
1032 3940 1114 3996 ΒΨ*
1210 3940 1374 3997 eim-1¹70

318 4020 351 4073 10
374 4018 495 4088 legisieri
514 4020 593 4075 ΒΨ
623 4023 693 4092 legis
710 4022 811 4080 oeno
912 4026 946 4079 18
968 4025 1041 4079 euim
1063 4040 1114 4081 oea
1140 4025 1164 4081 0
1265 4025 1357 4097 inquid
1376 4021 1427 4078 100

316 4104 359 4160 K*
388 4105 518 4174 numquid
536 4106 615 4161 B¹F²
711 4108 790 4165 hodie
807 4110 901 4167 onaO
997 4114 1071 4165 terre
1086 4112 1117 4165 F
1213 4112 1246 4167 10
1264 4109 1426 4183 cnsllelieritir

316 4190 347 4244 F
446 4191 481 4247 20
504 4194 591 4247 nostri
614 4193 647 4248 K
746 4195 963 4263 magnificentiae
980 4195 1060 4253 ΒΨ·
1161 4198 1195 4252 21
1219 4198 1377 4267 imperantes
1394 4193 1425 4248 Β*

315 4275 355 4330 F¹
386 4276 537 4332 adortantis
555 4278 582 4331 B
612 4278 812 4337 adobtantisO
900 4283 934 4337 22
952 4282 1102 4338 condicioni
1118 4283 1146 4339 B
1175 4283 1327 4338 conditione
1342 4282 1373 4337 Κ

315 4362 460 4430 signantur
472 4361 514 4416 11ι
600 4364 729 4421 uadeom.
745 4364 821 4422 OKc
911 4368 945 4422 23
958 4368 1092 4438 antlstO
1176 4367 1369 4424 ΜΕΝ
