3092 4967
299 384 343 450 64
694 380 859 436 Iohannis
876 379 1035 436 Cassiani

299 592 335 639 ao
356 572 502 658 puritatis
526 589 598 638 oum
621 573 706 637 omni
730 574 876 655 scrupulo
898 570 1055 639 custodire
1070 568 1219 637 debemus
1233 574 1266 636 et
1279 571 1426 637 humani·

298 678 398 742 tatem
428 677 522 759 atque
545 674 797 741 adhortationem
829 674 1068 743 aduenientibus
1100 673 1249 741 iratribus
1281 673 1425 740 oaritatis
1522 747 1523 764 χ

299 777 428 844 obtentu
450 776 598 842 similiter
619 774 771 861 exhibere,
795 776 868 859 quia
893 777 972 843 satis
993 774 1164 842 absurdum
1185 781 1244 854 est,
1266 778 1304 841 ut
1325 776 1424 859 tratri,

299 880 396 947 immo
430 879 552 946 Christo
584 898 726 946 mensam
759 882 890 948 offerens
920 898 984 946 non
1015 898 1086 946 oum
1113 898 1150 946 eo
1177 878 1284 945 oibnm
1311 881 1427 962 pariter

268 992 403 1057 2sumas
431 986 487 1049 ant
515 982 553 1048 ab
587 986 652 1049 eius
680 983 846 1050 refectione
879 986 913 1050 te
947 984 1045 1051 faoiss
1073 984 1219 1049 ahenum.
1257 982 1364 1065 itaque
1393 983 1457 1047 ins
1522 983 1523 1032 l

298 1087 411 1153 neutra
432 1088 522 1169 parte
548 1085 808 1167 reprehensibiles
828 1086 1034 1163 inueniemun
1058 1086 1085 1149 si
1108 1085 1186 1151 haee
1207 1104 1228 1149 a
1248 1085 1338 1151 nobis
1351 1102 1425 1151 eon·

297 1189 427 1254 suetudo
453 1192 607 1267 teneatur,
637 1191 674 1253 ut
702 1188 780 1254 hora
806 1206 887 1254 nona
913 1188 952 1253 de
979 1186 1101 1255 duobus
1129 1188 1325 1269 paxamatiis
1347 1207 1425 1272 quae

297 1292 386 1357 uobis
433 1292 579 1357 oanonioa
625 1308 772 1357 mensura
814 1291 882 1356 iure
923 1291 1091 1370 debentur,
1139 1309 1201 1356 uno
1248 1292 1424 1375 paxamatio

297 1395 469 1479 praelibato
492 1394 578 1459 aliud
599 1394 692 1459 huius
715 1394 938 1477 expectationis
965 1394 1069 1477 gratia
1090 1393 1125 1458 iu
1146 1412 1310 1477 uesperam
1326 1413 1424 1460 reser·
1522 1429 1523 1498 3

297 1516 418 1580 nemus,
433 1515 526 1580 quem
540 1498 567 1562 si
583 1497 796 1581 superuenarit
818 1496 974 1579 quispiam
990 1496 1123 1562 fratrum
1138 1514 1210 1563 oum
1224 1499 1293 1579 ipso
1305 1497 1424 1581 pariter
1433 1523 1456 1562 o

297 1600 503 1679 insumamus,
536 1598 618 1663 nihil
653 1599 872 1665 consuetudini
905 1600 1017 1665 solitae
1045 1600 1179 1683 amplius
1211 1601 1423 1684 adiungentes.

297 1705 329 1766 et
343 1702 401 1765 hae
415 1703 647 1785 dispensatione
658 1720 853 1784 nequaquam
865 1720 921 1767 nos
932 1701 1039 1768 fratris
1050 1701 1247 1767 eontristabit
1256 1703 1423 1781 aduentus,
1522 1693 1523 1740 3

297 1803 351 1885 qui
374 1802 464 1869 uobis
486 1805 579 1870 debet
601 1822 668 1869 esse
691 1805 899 1889 gratissimus.
933 1805 1088 1889 siquidem
1105 1803 1152 1870 ita
1165 1806 1194 1870 ei
1210 1805 1421 1871 exhibebimus
1522 1875 1523 1878 ,

296 1906 505 1972 humanitatis
526 1906 682 1989 obsequia,
706 1909 742 1972 ut
764 1908 845 1973 nihil
859 1928 878 1974 a
893 1910 994 1992 rigore
1008 1909 1219 1974 continentiae
1233 1909 1419 1974 relaxemus.

296 2010 323 2074 si
345 2027 418 2073 nero
440 2008 546 2075 nullus
569 2009 740 2089 ademerit,
764 2010 989 2094 huncquoque
1011 2011 1102 2076 uelut
1115 2011 1153 2076 de
1168 2013 1315 2077 eanouieo
1331 2013 1455 2078 modou

266 2111 436 2179 3debitum
458 2113 547 2178 nobis
569 2111 665 2176 libere
688 2130 935 2194 praesumemus.
974 2131 1035 2195 qua
1055 2114 1208 2197 paruitate
1229 2132 1286 2179 neo
1306 2115 1424 2180 stoma·

297 2215 372 2280 ohne
388 2232 512 2298 uespere
530 2215 646 2297 poterit
660 2215 835 2298 adgrauari,
855 2216 969 2299 quippe
983 2216 1061 2281 hora
1074 2233 1156 2282 nona
1170 2234 1231 2281 uuo
1246 2218 1424 2301 paxamatio

296 2318 360 2382 iam
382 2321 568 2402 praemisso:
603 2318 686 2400 quod
706 2319 893 2403 plerumque
915 2319 974 2399 bis,
1003 2319 1301 2401 quidistriotiorem
1324 2320 1425 2388 absti-

296 2420 435 2486 nentiam
463 2440 495 2485 se
523 2425 630 2487 tenere
660 2422 822 2489 eredentes
849 2423 950 2489 totam
975 2422 1178 2489 retentionem
1199 2424 1240 2488 ad
1261 2442 1424 2507 uesperam

296 2523 452 2603 differunt,
482 2524 608 2589 euenire
636 2525 807 2589 oonsueuit
842 2544 918 2590 nam
943 2544 1049 2592 reeens
1071 2544 1157 2593 oseas
1179 2528 1336 2611 perceptio
1358 2530 1457 2592 mnaso

297 2627 329 2691 in
351 2626 548 2709 uespertinis
559 2646 655 2709 quam
677 2627 710 2693 iu
734 2629 896 2695 nootnrnis
911 2630 1103 2695 orationibus
1118 2631 1245 2695 munem
1260 2632 1425 2711 leuemque

296 2746 422 2794 sonsum
443 2746 506 2795 uon
528 2730 604 2795 sinit
623 2730 772 2797 inueniri.
809 2731 943 2815 ideoque
965 2732 1165 2798 eommodum
1185 2732 1265 2797 satis
1288 2736 1319 2797 et
1342 2731 1424 2796 utile

296 2832 371 2897 hora
398 2851 479 2898 nona
507 2832 685 2900 retentionis
714 2840 839 2917 tempus
868 2834 1026 2901 indultum
1053 2836 1111 2914 est,
1141 2835 1258 2922 inquo
1281 2833 1424 2901 redoiens

296 2934 463 3001 monaohus
496 2954 556 3001 non
585 2937 689 3003 solum
716 2938 750 3003 in
779 2936 942 3003 nocturnis
972 2937 1092 3021 uigiliis
1120 2937 1205 3003 leuis
1230 2956 1268 3002 ao
1293 2956 1422 3010 naeuus,

296 3055 406 3103 uerum
434 3038 532 3103 etiam
553 3040 585 3103 in
608 3038 686 3121 ipsis
707 3039 895 3121 uespertinis
918 3040 1185 3107 sollemnitatibus
1208 3040 1330 3124 digesto
1355 3041 1417 3107 iam
1432 3070 1458 3108 s

295 3142 363 3207 oibo
386 3142 562 3208 inuenietur
584 3142 772 3225 aptissimus.

347 3450 360 3501 1
380 3448 501 3517 scrupulo
519 3447 561 3502 D¹
591 3448 705 3517 seripulo
728 3449 751 3504 0
853 3449 871 3501 2
894 3447 979 3517 adque
1001 3448 1042 3501 D¹
1145 3447 1360 3502 adhortationem
1378 3447 1424 3502 D:

295 3540 496 3596 adhorationem
516 3544 556 3599 W
584 3544 732 3598 orationem
754 3544 778 3600 0
805 3543 1012 3598 „hortationem
1029 3542 1062 3596 X
1078 3544 1152 3611 eoos.
1165 3542 1258 3598 Ιιιιιιι.
1273 3543 1305 3609 V,
1317 3545 1356 3597 25

293 3662 313 3716 4
336 3660 433 3730 oybum
454 3662 485 3715 D
586 3662 601 3715 'l
625 3662 657 3717 de
678 3680 729 3718 osee
757 3663 781 3718 0
883 3629 1034 3732 paxamatis
1055 3663 1109 3717 D¹:
1138 3664 1291 3733 paximatiis
1311 3662 1424 3717 D²W0

295 3746 428 3847 permotis
446 3781 477 3834 X
579 3782 596 3837 8
619 3782 729 3836 debetur
751 3782 775 3837 0
878 3783 1022 3854 paximatio
1039 3782 1145 3840 D²Wo
1171 3784 1308 3854 paxmatio
1324 3784 1357 3837 X

295 3875 312 3927 9
330 3874 399 3928 aliut
420 3874 444 3929 0
471 3876 557 3928 alium
576 3874 607 3928 X
710 3876 743 3931 10
765 3878 911 3947 quem1eie
927 3877 1078 3934 DWOXo
1180 3878 1214 3931 12
1232 3894 1377 3948 numquam
1395 3877 1426 3932 D

294 3974 366 4013 cerr.
466 3960 498 4014 14
516 3959 696 4015 humanitates
714 3962 755 4016 D¹
853 3963 886 4016 16
904 3962 1057 4018 sthomaeus
1076 3964 1099 4016 0
1194 3964 1226 4017 17
1243 3980 1296 4018 una
1313 3963 1354 4018 D⁸

294 4044 440 4113 paximatio
458 4044 569 4100 D'WO
597 4046 732 4114 paxmatio
749 4048 781 4101 X
875 4049 909 4102 18
925 4048 1045 4103 ueniet
1069 4049 1109 4103 W
1199 4050 1232 4103 19
1249 4048 1425 4104 refeooiousm

294 4131 324 4185 D
408 4130 757 4186 hodiferunteadeferunt
771 4133 841 4187 WX
925 4134 960 4189 22
972 4135 1092 4189 inuenire
1102 4134 1143 4189 D¹
1223 4134 1424 4191 asraeooiorie

292 4218 324 4274 D
437 4216 472 4271 24
497 4218 526 4272 in
550 4224 612 4287 post
638 4219 724 4273 solum
752 4236 804 4275 orn.
833 4220 872 4276 W
981 4220 1016 4277 25
1042 4220 1289 4290 sollempnitatibus
1319 4221 1357 4278 W

293 4303 327 4357 Db
345 4300 412 4373 cybo
429 4301 459 4356 D
560 4302 762 4361 abtissimusO
