<?xml version="1.0" encoding="UTF-8"?>
<!DOCTYPE html PUBLIC "-//W3C//DTD XHTML 1.0 Transitional//EN"
    "http://www.w3.org/TR/xhtml1/DTD/xhtml1-transitional.dtd">
<html xmlns="http://www.w3.org/1999/xhtml" xml:lang="en" lang="en">
 <head>
  <title>
</title>
<meta http-equiv="Content-Type" content="text/html;charset=utf-8" />
  <meta name='ocr-system' content='tesseract 3.04.00' />
  <meta name='ocr-capabilities' content='ocr_page ocr_carea ocr_par ocr_line ocrx_word'/>
</head>
<body>
  <div class='ocr_page' id='page_1' title='image "./iohanniscassian00petsgoog_0418.png"; bbox 0 0 3092 4967; ppageno 0'>
   <div class='ocr_carea' id='block_1_1' title="bbox 294 441 1027 513">
    <p class='ocr_par' dir='ltr' id='par_1_1' title="bbox 294 441 1027 513">
     <span class='ocr_line' id='line_1_1' title="bbox 294 441 1027 513; baseline -0.008 -11"><span class='ocrx_word' id='word_1_1' title='bbox 294 445 358 513; x_wconf 83' lang='lat'><strong>408</strong></span> <span class='ocrx_word' id='word_1_2' title='bbox 687 442 851 501; x_wconf 83' lang='lat' dir='ltr'><strong>Iohauule</strong></span> <span class='ocrx_word' id='word_1_3' title='bbox 868 441 1027 499; x_wconf 79' lang='lat' dir='ltr'><strong>Cassiani</strong></span> 
     </span>
    </p>
   </div>
   <div class='ocr_carea' id='block_1_2' title="bbox 264 629 1451 1336">
    <p class='ocr_par' dir='ltr' id='par_1_2' title="bbox 264 629 1451 1336">
     <span class='ocr_line' id='line_1_2' title="bbox 294 629 1419 715; baseline -0.002 -16"><span class='ocrx_word' id='word_1_4' title='bbox 294 632 522 715; x_wconf 73' lang='lat' dir='ltr'><strong>intellexi,</strong></span> <span class='ocrx_word' id='word_1_5' title='bbox 553 636 585 697; x_wconf 92' lang='lat' dir='ltr'><strong>et</strong></span> <span class='ocrx_word' id='word_1_6' title='bbox 606 632 738 699; x_wconf 83' lang='lat' dir='ltr'><strong>excoctis</strong></span> <span class='ocrx_word' id='word_1_7' title='bbox 767 631 964 715; x_wconf 67' lang='lat' dir='ltr'><strong>passionibus</strong></span> <span class='ocrx_word' id='word_1_8' title='bbox 984 631 1140 697; x_wconf 83' lang='lat' dir='ltr'><strong>uniuersis</strong></span> <span class='ocrx_word' id='word_1_9' title='bbox 1160 629 1351 697; x_wconf 83' lang='lat' dir='ltr'><strong>fiducialiter</strong></span> <span class='ocrx_word' id='word_1_10' title='bbox 1372 634 1419 698; x_wconf 89' lang='lat' dir='ltr'><strong>di·</strong></span> 
     </span>
     <span class='ocr_line' id='line_1_3' title="bbox 264 735 1419 822; baseline -0.002 -19"><span class='ocrx_word' id='word_1_11' title='bbox 264 738 388 804; x_wconf 78' lang='lat' dir='ltr'><strong>couno:</strong></span> <span class='ocrx_word' id='word_1_12' title='bbox 411 737 598 822; x_wconf 85' lang='lat' dir='ltr'><strong>psallam,</strong></span> <span class='ocrx_word' id='word_1_13' title='bbox 621 740 659 801; x_wconf 90' lang='lat' dir='ltr'><strong>et</strong></span> <span class='ocrx_word' id='word_1_14' title='bbox 680 736 916 820; x_wconf 69' lang='lat' dir='ltr'><strong>intellegam</strong></span> <span class='ocrx_word' id='word_1_15' title='bbox 938 736 980 801; x_wconf 92' lang='lat' dir='ltr'><strong>in</strong></span> <span class='ocrx_word' id='word_1_16' title='bbox 999 738 1064 800; x_wconf 89' lang='lat' dir='ltr'><strong>uia</strong></span> <span class='ocrx_word' id='word_1_17' title='bbox 1083 735 1334 801; x_wconf 86' lang='lat' dir='ltr'><strong>inmaculata</strong></span> <span class='ocrx_word' id='word_1_18' title='bbox 1365 735 1419 801; x_wconf 88' lang='lat' dir='ltr'><strong>ille</strong></span> 
     </span>
     <span class='ocr_line' id='line_1_4' title="bbox 296 837 1420 923; baseline -0.004 -16"><span class='ocrx_word' id='word_1_19' title='bbox 296 840 379 907; x_wconf 89' lang='lat' dir='ltr'><strong>enim</strong></span> <span class='ocrx_word' id='word_1_20' title='bbox 401 840 539 923; x_wconf 85' lang='lat' dir='ltr'><strong>psallens</strong></span> <span class='ocrx_word' id='word_1_21' title='bbox 562 839 724 922; x_wconf 70' lang='lat' dir='ltr'><strong>intelleget</strong></span> <span class='ocrx_word' id='word_1_22' title='bbox 742 857 821 921; x_wconf 90' lang='lat' dir='ltr'><strong>quae</strong></span> <span class='ocrx_word' id='word_1_23' title='bbox 837 838 1000 922; x_wconf 86' lang='lat' dir='ltr'><strong>canuotur,</strong></span> <span class='ocrx_word' id='word_1_24' title='bbox 1021 838 1077 920; x_wconf 86' lang='lat' dir='ltr'><strong>qui</strong></span> <span class='ocrx_word' id='word_1_25' title='bbox 1098 837 1131 902; x_wconf 91' lang='lat' dir='ltr'><strong>in</strong></span> <span class='ocrx_word' id='word_1_26' title='bbox 1152 838 1205 902; x_wconf 90' lang='lat' dir='ltr'><strong>nia</strong></span> <span class='ocrx_word' id='word_1_27' title='bbox 1227 838 1420 904; x_wconf 82' lang='lat' dir='ltr'><strong>inmaculata</strong></span> 
     </span>
     <span class='ocr_line' id='line_1_5' title="bbox 294 939 1419 1029; baseline -0.004 -20"><span class='ocrx_word' id='word_1_28' title='bbox 294 960 403 1029; x_wconf 86' lang='lat' dir='ltr'><strong>gressu</strong></span> <span class='ocrx_word' id='word_1_29' title='bbox 425 942 496 1025; x_wconf 92' lang='lat' dir='ltr'><strong>puri</strong></span> <span class='ocrx_word' id='word_1_30' title='bbox 518 940 619 1007; x_wconf 88' lang='lat' dir='ltr'><strong>cordis</strong></span> <span class='ocrx_word' id='word_1_31' title='bbox 648 940 807 1007; x_wconf 84' lang='lat' dir='ltr'><strong>innititur.</strong></span> <span class='ocrx_word' id='word_1_32' title='bbox 843 944 876 1005; x_wconf 91' lang='lat' dir='ltr'><strong>et</strong></span> <span class='ocrx_word' id='word_1_33' title='bbox 901 939 1016 1007; x_wconf 88' lang='lat' dir='ltr'><strong>idcirco</strong></span> <span class='ocrx_word' id='word_1_34' title='bbox 1042 940 1071 1003; x_wconf 87' lang='lat' dir='ltr'><strong>si</strong></span> <span class='ocrx_word' id='word_1_35' title='bbox 1093 939 1244 1006; x_wconf 74' lang='lat' dir='ltr'><strong>scientiae</strong></span> <span class='ocrx_word' id='word_1_36' title='bbox 1264 940 1419 1025; x_wconf 84' lang='lat' dir='ltr'><strong>spiritalis</strong></span> 
     </span>
     <span class='ocr_line' id='line_1_6' title="bbox 295 1042 1451 1126; baseline -0.002 -13"><span class='ocrx_word' id='word_1_37' title='bbox 295 1064 419 1113; x_wconf 85' lang='lat' dir='ltr'><strong>socrum</strong></span> <span class='ocrx_word' id='word_1_38' title='bbox 447 1045 481 1109; x_wconf 93' lang='lat' dir='ltr'><strong>in</strong></span> <span class='ocrx_word' id='word_1_39' title='bbox 504 1044 594 1109; x_wconf 92' lang='lat' dir='ltr'><strong>corde</strong></span> <span class='ocrx_word' id='word_1_40' title='bbox 620 1045 726 1108; x_wconf 82' lang='lat' dir='ltr'><strong>uestm</strong></span> <span class='ocrx_word' id='word_1_41' title='bbox 755 1042 855 1109; x_wconf 84' lang='lat' dir='ltr'><strong>uultis</strong></span> <span class='ocrx_word' id='word_1_42' title='bbox 885 1042 1123 1109; x_wconf 86' lang='lat' dir='ltr'><strong>tabernaculum</strong></span> <span class='ocrx_word' id='word_1_43' title='bbox 1153 1061 1350 1126; x_wconf 85' lang='lat' dir='ltr'><strong>praeparare,</strong></span> <span class='ocrx_word' id='word_1_44' title='bbox 1379 1042 1451 1111; x_wconf 72' lang='lat' dir='ltr'><strong>aba</strong></span> 
     </span>
     <span class='ocr_line' id='line_1_7' title="bbox 294 1146 1418 1229; baseline -0.001 -16"><span class='ocrx_word' id='word_1_45' title='bbox 294 1149 435 1215; x_wconf 91' lang='lat' dir='ltr'><strong>omniurn</strong></span> <span class='ocrx_word' id='word_1_46' title='bbox 468 1166 524 1214; x_wconf 94' lang='lat' dir='ltr'><strong>uos</strong></span> <span class='ocrx_word' id='word_1_47' title='bbox 557 1146 710 1213; x_wconf 89' lang='lat' dir='ltr'><strong>uitiorum</strong></span> <span class='ocrx_word' id='word_1_48' title='bbox 742 1146 926 1229; x_wconf 85' lang='lat' dir='ltr'><strong>contagione</strong></span> <span class='ocrx_word' id='word_1_49' title='bbox 959 1148 1091 1229; x_wconf 85' lang='lat' dir='ltr'><strong>purgate</strong></span> <span class='ocrx_word' id='word_1_50' title='bbox 1124 1150 1159 1212; x_wconf 91' lang='lat' dir='ltr'><strong>et</strong></span> <span class='ocrx_word' id='word_1_51' title='bbox 1191 1147 1273 1211; x_wconf 90' lang='lat' dir='ltr'><strong>curis</strong></span> <span class='ocrx_word' id='word_1_52' title='bbox 1302 1148 1418 1213; x_wconf 76' lang='lat' dir='ltr'><strong>maeuii</strong></span> 
     </span>
     <span class='ocr_line' id='line_1_8' title="bbox 294 1248 1419 1336; baseline -0.004 -17"><span class='ocrx_word' id='word_1_53' title='bbox 294 1250 467 1336; x_wconf 90' lang='lat' dir='ltr'><strong>praesentis</strong></span> <span class='ocrx_word' id='word_1_54' title='bbox 490 1250 603 1317; x_wconf 85' lang='lat' dir='ltr'><strong>eruite.</strong></span> <span class='ocrx_word' id='word_1_55' title='bbox 635 1248 819 1332; x_wconf 84' lang='lat' dir='ltr'><strong>inpossibile</strong></span> <span class='ocrx_word' id='word_1_56' title='bbox 839 1267 973 1332; x_wconf 90' lang='lat' dir='ltr'><strong>namquo</strong></span> <span class='ocrx_word' id='word_1_57' title='bbox 988 1252 1038 1314; x_wconf 89' lang='lat' dir='ltr'><strong>est</strong></span> <span class='ocrx_word' id='word_1_58' title='bbox 1055 1248 1205 1332; x_wconf 86' lang='lat' dir='ltr'><strong>animum,</strong></span> <span class='ocrx_word' id='word_1_59' title='bbox 1228 1265 1307 1334; x_wconf 86' lang='lat' dir='ltr'><strong>quae</strong></span> <span class='ocrx_word' id='word_1_60' title='bbox 1328 1269 1419 1315; x_wconf 89' lang='lat' dir='ltr'><strong>mnn-</strong></span> 
     </span>
    </p>
   </div>
   <div class='ocr_carea' id='block_1_3' title="bbox 264 1352 1451 3603">
    <p class='ocr_par' dir='ltr' id='par_1_3' title="bbox 264 1352 1451 3603">
     <span class='ocr_line' id='line_1_9' title="bbox 295 1352 1419 1436; baseline -0.002 -15"><span class='ocrx_word' id='word_1_61' title='bbox 295 1356 383 1421; x_wconf 90' lang='lat' dir='ltr'><strong>danis</strong></span> <span class='ocrx_word' id='word_1_62' title='bbox 414 1356 466 1420; x_wconf 90' lang='lat' dir='ltr'><strong>uel</strong></span> <span class='ocrx_word' id='word_1_63' title='bbox 496 1354 631 1419; x_wconf 88' lang='lat' dir='ltr'><strong>teuniter</strong></span> <span class='ocrx_word' id='word_1_64' title='bbox 660 1352 903 1420; x_wconf 78' lang='lat' dir='ltr'><strong>distentionibus</strong></span> <span class='ocrx_word' id='word_1_65' title='bbox 924 1356 1102 1436; x_wconf 85' lang='lat' dir='ltr'><strong>occupatur,</strong></span> <span class='ocrx_word' id='word_1_66' title='bbox 1132 1353 1247 1419; x_wconf 91' lang='lat' dir='ltr'><strong>donum</strong></span> <span class='ocrx_word' id='word_1_67' title='bbox 1269 1353 1419 1419; x_wconf 87' lang='lat' dir='ltr'><strong>scientiae</strong></span> 
     </span>
     <span class='ocr_line' id='line_1_10' title="bbox 295 1455 1419 1543; baseline -0.002 -18"><span class='ocrx_word' id='word_1_68' title='bbox 295 1458 464 1543; x_wconf 88' lang='lat' dir='ltr'><strong>promereri</strong></span> <span class='ocrx_word' id='word_1_69' title='bbox 494 1458 546 1522; x_wconf 89' lang='lat' dir='ltr'><strong>uel</strong></span> <span class='ocrx_word' id='word_1_70' title='bbox 572 1456 795 1541; x_wconf 73' lang='lat' dir='ltr'><strong>generatricem</strong></span> <span class='ocrx_word' id='word_1_71' title='bbox 817 1455 1009 1539; x_wconf 69' lang='lat' dir='ltr'><strong>spiritalium</strong></span> <span class='ocrx_word' id='word_1_72' title='bbox 1031 1475 1180 1522; x_wconf 84' lang='lat' dir='ltr'><strong>sensuum</strong></span> <span class='ocrx_word' id='word_1_73' title='bbox 1201 1460 1259 1523; x_wconf 86' lang='lat' dir='ltr'><strong>aut</strong></span> <span class='ocrx_word' id='word_1_74' title='bbox 1279 1458 1419 1523; x_wconf 85' lang='lat' dir='ltr'><strong>tenacem</strong></span> 
     </span>
     <span class='ocr_line' id='line_1_11' title="bbox 264 1559 1451 1644; baseline -0.003 -12"><span class='ocrx_word' id='word_1_75' title='bbox 264 1567 455 1632; x_wconf 74' lang='lat' dir='ltr'><strong>teacrarum</strong></span> <span class='ocrx_word' id='word_1_76' title='bbox 491 1560 558 1626; x_wconf 87' lang='lat' dir='ltr'><strong>fieri</strong></span> <span class='ocrx_word' id='word_1_77' title='bbox 595 1559 777 1627; x_wconf 87' lang='lat' dir='ltr'><strong>lectionum.</strong></span> <span class='ocrx_word' id='word_1_78' title='bbox 822 1559 988 1625; x_wconf 87' lang='lat' dir='ltr'><strong>obseruate</strong></span> <span class='ocrx_word' id='word_1_79' title='bbox 1022 1560 1121 1644; x_wconf 85' lang='lat' dir='ltr'><strong>igitur</strong></span> <span class='ocrx_word' id='word_1_80' title='bbox 1158 1561 1193 1625; x_wconf 86' lang='lat' dir='ltr'><strong>in</strong></span> <span class='ocrx_word' id='word_1_81' title='bbox 1228 1562 1351 1644; x_wconf 85' lang='lat' dir='ltr'><strong>primis,</strong></span> <span class='ocrx_word' id='word_1_82' title='bbox 1388 1564 1451 1629; x_wconf 69' lang='lat' dir='ltr'><strong>etro</strong></span> 
     </span>
     <span class='ocr_line' id='line_1_12' title="bbox 295 1662 1420 1748; baseline -0.001 -16"><span class='ocrx_word' id='word_1_83' title='bbox 295 1666 430 1732; x_wconf 83' lang='lat' dir='ltr'><strong>maxime</strong></span> <span class='ocrx_word' id='word_1_84' title='bbox 459 1669 505 1745; x_wconf 84' lang='lat' dir='ltr'><strong>tu,</strong></span> <span class='ocrx_word' id='word_1_85' title='bbox 535 1664 701 1742; x_wconf 85' lang='lat' dir='ltr'><strong>Iohannes,</strong></span> <span class='ocrx_word' id='word_1_86' title='bbox 732 1663 784 1729; x_wconf 89' lang='lat' dir='ltr'><strong>cui</strong></span> <span class='ocrx_word' id='word_1_87' title='bbox 812 1663 914 1747; x_wconf 59' lang='lat' dir='ltr'><strong>mame</strong></span> <span class='ocrx_word' id='word_1_88' title='bbox 943 1662 983 1727; x_wconf 88' lang='lat' dir='ltr'><strong>ad</strong></span> <span class='ocrx_word' id='word_1_89' title='bbox 1013 1662 1216 1729; x_wconf 84' lang='lat' dir='ltr'><strong>custodienda</strong></span> <span class='ocrx_word' id='word_1_90' title='bbox 1245 1663 1323 1729; x_wconf 86' lang='lat' dir='ltr'><strong>haee</strong></span> <span class='ocrx_word' id='word_1_91' title='bbox 1344 1683 1420 1748; x_wconf 83' lang='lat' dir='ltr'><strong>quae</strong></span> 
     </span>
     <span class='ocr_line' id='line_1_13' title="bbox 295 1766 1420 1849; baseline -0.001 -15"><span class='ocrx_word' id='word_1_92' title='bbox 295 1769 438 1835; x_wconf 89' lang='lat' dir='ltr'><strong>dicturus</strong></span> <span class='ocrx_word' id='word_1_93' title='bbox 460 1786 530 1833; x_wconf 90' lang='lat' dir='ltr'><strong>sum</strong></span> <span class='ocrx_word' id='word_1_94' title='bbox 546 1771 632 1832; x_wconf 84' lang='lat' dir='ltr'><strong>setes</strong></span> <span class='ocrx_word' id='word_1_95' title='bbox 648 1766 750 1832; x_wconf 87' lang='lat' dir='ltr'><strong>adhuc</strong></span> <span class='ocrx_word' id='word_1_96' title='bbox 764 1766 993 1833; x_wconf 87' lang='lat' dir='ltr'><strong>adulescentior</strong></span> <span class='ocrx_word' id='word_1_97' title='bbox 1007 1766 1208 1849; x_wconf 84' lang='lat' dir='ltr'><strong>suffragatur,</strong></span> <span class='ocrx_word' id='word_1_98' title='bbox 1227 1786 1268 1833; x_wconf 89' lang='lat' dir='ltr'><strong>ne</strong></span> <span class='ocrx_word' id='word_1_99' title='bbox 1281 1768 1420 1833; x_wconf 89' lang='lat' dir='ltr'><strong>studium</strong></span> 
     </span>
     <span class='ocr_line' id='line_1_14' title="bbox 296 1868 1421 1951; baseline -0.003 -13"><span class='ocrx_word' id='word_1_100' title='bbox 296 1871 440 1938; x_wconf 90' lang='lat' dir='ltr'><strong>lectionis</strong></span> <span class='ocrx_word' id='word_1_101' title='bbox 473 1888 509 1935; x_wconf 90' lang='lat' dir='ltr'><strong>ao</strong></span> <span class='ocrx_word' id='word_1_102' title='bbox 541 1869 686 1936; x_wconf 83' lang='lat' dir='ltr'><strong>desiderii</strong></span> <span class='ocrx_word' id='word_1_103' title='bbox 720 1868 768 1935; x_wconf 92' lang='lat' dir='ltr'><strong>tui</strong></span> <span class='ocrx_word' id='word_1_104' title='bbox 801 1868 889 1935; x_wconf 86' lang='lat' dir='ltr'><strong>labor</strong></span> <span class='ocrx_word' id='word_1_105' title='bbox 923 1887 1003 1935; x_wconf 87' lang='lat' dir='ltr'><strong>nana</strong></span> <span class='ocrx_word' id='word_1_106' title='bbox 1035 1870 1172 1935; x_wconf 89' lang='lat' dir='ltr'><strong>elatione</strong></span> <span class='ocrx_word' id='word_1_107' title='bbox 1205 1875 1352 1951; x_wconf 86' lang='lat' dir='ltr'><strong>cassetur,</strong></span> <span class='ocrx_word' id='word_1_108' title='bbox 1385 1874 1421 1935; x_wconf 86' lang='lat' dir='ltr'><strong>ut</strong></span> 
     </span>
     <span class='ocr_line' id='line_1_15' title="bbox 296 1971 1419 2055; baseline -0.002 -16"><span class='ocrx_word' id='word_1_109' title='bbox 296 1974 414 2040; x_wconf 87' lang='lat' dir='ltr'><strong>indicas</strong></span> <span class='ocrx_word' id='word_1_110' title='bbox 445 1991 602 2039; x_wconf 89' lang='lat' dir='ltr'><strong>summum</strong></span> <span class='ocrx_word' id='word_1_111' title='bbox 636 1973 681 2037; x_wconf 91' lang='lat' dir='ltr'><strong>ori</strong></span> <span class='ocrx_word' id='word_1_112' title='bbox 714 1972 769 2037; x_wconf 91' lang='lat' dir='ltr'><strong>tuo</strong></span> <span class='ocrx_word' id='word_1_113' title='bbox 801 1971 974 2037; x_wconf 88' lang='lat' dir='ltr'><strong>silentium.</strong></span> <span class='ocrx_word' id='word_1_114' title='bbox 1019 1973 1072 2038; x_wconf 91' lang='lat' dir='ltr'><strong>hic</strong></span> <span class='ocrx_word' id='word_1_115' title='bbox 1104 1977 1154 2038; x_wconf 91' lang='lat' dir='ltr'><strong>est</strong></span> <span class='ocrx_word' id='word_1_116' title='bbox 1187 1976 1272 2038; x_wconf 90' lang='lat' dir='ltr'><strong>enim</strong></span> <span class='ocrx_word' id='word_1_117' title='bbox 1303 1975 1419 2055; x_wconf 86' lang='lat' dir='ltr'><strong>primns</strong></span> 
     </span>
     <span class='ocr_line' id='line_1_16' title="bbox 296 2075 1450 2161; baseline -0.004 -17"><span class='ocrx_word' id='word_1_118' title='bbox 296 2076 478 2159; x_wconf 89' lang='lat' dir='ltr'><strong>disciplinae</strong></span> <span class='ocrx_word' id='word_1_119' title='bbox 509 2075 642 2141; x_wconf 87' lang='lat' dir='ltr'><strong>actualis</strong></span> <span class='ocrx_word' id='word_1_120' title='bbox 672 2077 841 2161; x_wconf 83' lang='lat' dir='ltr'><strong>ingressus,</strong></span> <span class='ocrx_word' id='word_1_121' title='bbox 871 2081 908 2141; x_wconf 86' lang='lat' dir='ltr'><strong>ut</strong></span> <span class='ocrx_word' id='word_1_122' title='bbox 929 2075 1069 2141; x_wconf 90' lang='lat' dir='ltr'><strong>emnium</strong></span> <span class='ocrx_word' id='word_1_123' title='bbox 1091 2077 1251 2141; x_wconf 89' lang='lat' dir='ltr'><strong>seniorum</strong></span> <span class='ocrx_word' id='word_1_124' title='bbox 1273 2076 1450 2141; x_wconf 75' lang='lat' dir='ltr'><strong>institutae</strong></span> 
     </span>
     <span class='ocr_line' id='line_1_17' title="bbox 296 2178 1418 2263; baseline -0.003 -17"><span class='ocrx_word' id='word_1_125' title='bbox 296 2182 390 2263; x_wconf 84' lang='lat' dir='ltr'><strong>atque</strong></span> <span class='ocrx_word' id='word_1_126' title='bbox 412 2178 583 2244; x_wconf 85' lang='lat' dir='ltr'><strong>sententias</strong></span> <span class='ocrx_word' id='word_1_127' title='bbox 605 2179 726 2244; x_wconf 90' lang='lat' dir='ltr'><strong>intento</strong></span> <span class='ocrx_word' id='word_1_128' title='bbox 750 2178 842 2243; x_wconf 90' lang='lat' dir='ltr'><strong>corde</strong></span> <span class='ocrx_word' id='word_1_129' title='bbox 864 2183 896 2243; x_wconf 92' lang='lat' dir='ltr'><strong>et</strong></span> <span class='ocrx_word' id='word_1_130' title='bbox 917 2179 1006 2263; x_wconf 83' lang='lat' dir='ltr'><strong>quasi</strong></span> <span class='ocrx_word' id='word_1_131' title='bbox 1030 2184 1117 2244; x_wconf 90' lang='lat' dir='ltr'><strong>muto</strong></span> <span class='ocrx_word' id='word_1_132' title='bbox 1134 2198 1187 2245; x_wconf 87' lang='lat' dir='ltr'><strong>ore</strong></span> <span class='ocrx_word' id='word_1_133' title='bbox 1208 2179 1361 2259; x_wconf 86' lang='lat' dir='ltr'><strong>suscipias</strong></span> <span class='ocrx_word' id='word_1_134' title='bbox 1382 2196 1418 2243; x_wconf 88' lang='lat' dir='ltr'><strong>ac</strong></span> 
     </span>
     <span class='ocr_line' id='line_1_18' title="bbox 296 2281 1417 2367; baseline 0 -20"><span class='ocrx_word' id='word_1_135' title='bbox 296 2282 464 2367; x_wconf 86' lang='lat' dir='ltr'><strong>diligenter</strong></span> <span class='ocrx_word' id='word_1_136' title='bbox 495 2283 529 2347; x_wconf 91' lang='lat' dir='ltr'><strong>in</strong></span> <span class='ocrx_word' id='word_1_137' title='bbox 561 2285 685 2365; x_wconf 91' lang='lat' dir='ltr'><strong>pectore</strong></span> <span class='ocrx_word' id='word_1_138' title='bbox 719 2284 775 2347; x_wconf 91' lang='lat' dir='ltr'><strong>tuo</strong></span> <span class='ocrx_word' id='word_1_139' title='bbox 808 2281 941 2349; x_wconf 85' lang='lat' dir='ltr'><strong>condens</strong></span> <span class='ocrx_word' id='word_1_140' title='bbox 971 2282 1011 2347; x_wconf 90' lang='lat' dir='ltr'><strong>ad</strong></span> <span class='ocrx_word' id='word_1_141' title='bbox 1041 2281 1227 2364; x_wconf 90' lang='lat' dir='ltr'><strong>perficienda</strong></span> <span class='ocrx_word' id='word_1_142' title='bbox 1256 2282 1417 2365; x_wconf 88' lang='lat' dir='ltr'><strong>capotius</strong></span> 
     </span>
     <span class='ocr_line' id='line_1_19' title="bbox 296 2384 1419 2471; baseline -0.004 -18"><span class='ocrx_word' id='word_1_143' title='bbox 296 2405 390 2471; x_wconf 86' lang='lat' dir='ltr'><strong>quam</strong></span> <span class='ocrx_word' id='word_1_144' title='bbox 412 2386 452 2451; x_wconf 86' lang='lat' dir='ltr'><strong>ad</strong></span> <span class='ocrx_word' id='word_1_145' title='bbox 475 2386 611 2451; x_wconf 85' lang='lat' dir='ltr'><strong>docende</strong></span> <span class='ocrx_word' id='word_1_146' title='bbox 633 2384 770 2449; x_wconf 84' lang='lat' dir='ltr'><strong>lestines.</strong></span> <span class='ocrx_word' id='word_1_147' title='bbox 803 2405 839 2450; x_wconf 86' lang='lat' dir='ltr'><strong>er</strong></span> <span class='ocrx_word' id='word_1_148' title='bbox 861 2385 920 2450; x_wconf 90' lang='lat' dir='ltr'><strong>hoc</strong></span> <span class='ocrx_word' id='word_1_149' title='bbox 942 2385 1025 2449; x_wconf 91' lang='lat' dir='ltr'><strong>enim</strong></span> <span class='ocrx_word' id='word_1_150' title='bbox 1042 2386 1228 2451; x_wconf 74' lang='lat' dir='ltr'><strong>cenodoxiae</strong></span> <span class='ocrx_word' id='word_1_151' title='bbox 1249 2386 1419 2469; x_wconf 69' lang='lat' dir='ltr'><strong>perniciem</strong></span> 
     </span>
     <span class='ocr_line' id='line_1_20' title="bbox 296 2487 1418 2575; baseline -0.004 -20"><span class='ocrx_word' id='word_1_152' title='bbox 296 2491 518 2575; x_wconf 85' lang='lat' dir='ltr'><strong>praesumptio,</strong></span> <span class='ocrx_word' id='word_1_153' title='bbox 550 2507 585 2552; x_wconf 91' lang='lat' dir='ltr'><strong>ex</strong></span> <span class='ocrx_word' id='word_1_154' title='bbox 615 2488 670 2553; x_wconf 94' lang='lat' dir='ltr'><strong>illo</strong></span> <span class='ocrx_word' id='word_1_155' title='bbox 699 2491 806 2553; x_wconf 90' lang='lat' dir='ltr'><strong>autem</strong></span> <span class='ocrx_word' id='word_1_156' title='bbox 827 2488 949 2553; x_wconf 87' lang='lat' dir='ltr'><strong>fructus</strong></span> <span class='ocrx_word' id='word_1_157' title='bbox 971 2488 1122 2571; x_wconf 88' lang='lat' dir='ltr'><strong>spiritalis</strong></span> <span class='ocrx_word' id='word_1_158' title='bbox 1144 2488 1293 2553; x_wconf 89' lang='lat' dir='ltr'><strong>scientiae</strong></span> <span class='ocrx_word' id='word_1_159' title='bbox 1315 2487 1418 2571; x_wconf 89' lang='lat' dir='ltr'><strong>pullu·</strong></span> 
     </span>
     <span class='ocr_line' id='line_1_21' title="bbox 264 2590 1449 2675; baseline -0.008 -12"><span class='ocrx_word' id='word_1_160' title='bbox 264 2594 418 2664; x_wconf 77' lang='lat' dir='ltr'><strong>olebant</strong></span> <span class='ocrx_word' id='word_1_161' title='bbox 456 2592 535 2658; x_wconf 91' lang='lat' dir='ltr'><strong>nihil</strong></span> <span class='ocrx_word' id='word_1_162' title='bbox 566 2591 672 2675; x_wconf 86' lang='lat' dir='ltr'><strong>itaque</strong></span> <span class='ocrx_word' id='word_1_163' title='bbox 701 2593 732 2657; x_wconf 91' lang='lat' dir='ltr'><strong>in</strong></span> <span class='ocrx_word' id='word_1_164' title='bbox 761 2591 936 2657; x_wconf 85' lang='lat' dir='ltr'><strong>conlatione</strong></span> <span class='ocrx_word' id='word_1_165' title='bbox 957 2592 1115 2657; x_wconf 89' lang='lat' dir='ltr'><strong>seniorum</strong></span> <span class='ocrx_word' id='word_1_166' title='bbox 1136 2590 1277 2672; x_wconf 84' lang='lat' dir='ltr'><strong>proferre</strong></span> <span class='ocrx_word' id='word_1_167' title='bbox 1298 2592 1449 2667; x_wconf 68' lang='lat' dir='ltr'><strong>audeas»</strong></span> 
     </span>
     <span class='ocr_line' id='line_1_22' title="bbox 296 2693 1417 2779; baseline -0.004 -17"><span class='ocrx_word' id='word_1_168' title='bbox 296 2696 357 2763; x_wconf 89' lang='lat' dir='ltr'><strong>nisi</strong></span> <span class='ocrx_word' id='word_1_169' title='bbox 391 2693 472 2779; x_wconf 88' lang='lat' dir='ltr'><strong>quod</strong></span> <span class='ocrx_word' id='word_1_170' title='bbox 505 2696 696 2778; x_wconf 88' lang='lat' dir='ltr'><strong>interrogare</strong></span> <span class='ocrx_word' id='word_1_171' title='bbox 730 2696 761 2759; x_wconf 90' lang='lat' dir='ltr'><strong>te</strong></span> <span class='ocrx_word' id='word_1_172' title='bbox 794 2699 849 2760; x_wconf 89' lang='lat' dir='ltr'><strong>aut</strong></span> <span class='ocrx_word' id='word_1_173' title='bbox 882 2694 1038 2777; x_wconf 75' lang='lat' dir='ltr'><strong>ignoratio</strong></span> <span class='ocrx_word' id='word_1_174' title='bbox 1072 2695 1216 2760; x_wconf 86' lang='lat' dir='ltr'><strong>nocitura</strong></span> <span class='ocrx_word' id='word_1_175' title='bbox 1254 2700 1310 2759; x_wconf 90' lang='lat' dir='ltr'><strong>aut</strong></span> <span class='ocrx_word' id='word_1_176' title='bbox 1342 2694 1417 2759; x_wconf 88' lang='lat' dir='ltr'><strong>ratio</strong></span> 
     </span>
     <span class='ocr_line' id='line_1_23' title="bbox 296 2796 1418 2881; baseline -0.004 -16"><span class='ocrx_word' id='word_1_177' title='bbox 296 2800 488 2865; x_wconf 81' lang='lat' dir='ltr'><strong>necessariae</strong></span> <span class='ocrx_word' id='word_1_178' title='bbox 521 2798 708 2881; x_wconf 86' lang='lat' dir='ltr'><strong>cognitionis</strong></span> <span class='ocrx_word' id='word_1_179' title='bbox 745 2797 904 2881; x_wconf 84' lang='lat' dir='ltr'><strong>inpulerit,</strong></span> <span class='ocrx_word' id='word_1_180' title='bbox 942 2802 978 2862; x_wconf 91' lang='lat' dir='ltr'><strong>nt</strong></span> <span class='ocrx_word' id='word_1_181' title='bbox 1011 2796 1139 2880; x_wconf 89' lang='lat' dir='ltr'><strong>quidam</strong></span> <span class='ocrx_word' id='word_1_182' title='bbox 1173 2816 1271 2863; x_wconf 90' lang='lat' dir='ltr'><strong>uanae</strong></span> <span class='ocrx_word' id='word_1_183' title='bbox 1305 2797 1418 2881; x_wconf 87' lang='lat' dir='ltr'><strong>gloriae</strong></span> 
     </span>
     <span class='ocr_line' id='line_1_24' title="bbox 296 2900 1416 2983; baseline -0.003 -17"><span class='ocrx_word' id='word_1_184' title='bbox 296 2920 399 2969; x_wconf 84' lang='lat' dir='ltr'><strong>amore</strong></span> <span class='ocrx_word' id='word_1_185' title='bbox 440 2902 569 2967; x_wconf 87' lang='lat' dir='ltr'><strong>distenti</strong></span> <span class='ocrx_word' id='word_1_186' title='bbox 604 2918 658 2982; x_wconf 92' lang='lat' dir='ltr'><strong>pro</strong></span> <span class='ocrx_word' id='word_1_187' title='bbox 692 2902 900 2966; x_wconf 85' lang='lat' dir='ltr'><strong>ostentatione</strong></span> <span class='ocrx_word' id='word_1_188' title='bbox 933 2900 1091 2965; x_wconf 84' lang='lat' dir='ltr'><strong>doctrinae</strong></span> <span class='ocrx_word' id='word_1_189' title='bbox 1124 2920 1160 2967; x_wconf 92' lang='lat' dir='ltr'><strong>ea</strong></span> <span class='ocrx_word' id='word_1_190' title='bbox 1194 2918 1271 2983; x_wconf 89' lang='lat' dir='ltr'><strong>quae</strong></span> <span class='ocrx_word' id='word_1_191' title='bbox 1304 2900 1416 2983; x_wconf 86' lang='lat' dir='ltr'><strong>optime</strong></span> 
     </span>
     <span class='ocr_line' id='line_1_25' title="bbox 295 3002 1415 3087; baseline -0.003 -18"><span class='ocrx_word' id='word_1_192' title='bbox 295 3006 411 3071; x_wconf 88' lang='lat' dir='ltr'><strong>norunt</strong></span> <span class='ocrx_word' id='word_1_193' title='bbox 443 3004 635 3087; x_wconf 83' lang='lat' dir='ltr'><strong>interrogare</strong></span> <span class='ocrx_word' id='word_1_194' title='bbox 666 3022 697 3069; x_wconf 92' lang='lat' dir='ltr'><strong>se</strong></span> <span class='ocrx_word' id='word_1_195' title='bbox 727 3002 889 3069; x_wconf 89' lang='lat' dir='ltr'><strong>simulant.</strong></span> <span class='ocrx_word' id='word_1_196' title='bbox 927 3003 1111 3086; x_wconf 87' lang='lat' dir='ltr'><strong>inpossibile</strong></span> <span class='ocrx_word' id='word_1_197' title='bbox 1145 3003 1231 3069; x_wconf 89' lang='lat' dir='ltr'><strong>enim</strong></span> <span class='ocrx_word' id='word_1_198' title='bbox 1263 3007 1311 3069; x_wconf 90' lang='lat' dir='ltr'><strong>est</strong></span> <span class='ocrx_word' id='word_1_199' title='bbox 1340 3020 1415 3077; x_wconf 92' lang='lat' dir='ltr'><strong>eum,</strong></span> 
     </span>
     <span class='ocr_line' id='line_1_26' title="bbox 295 3104 1448 3191; baseline -0.007 -18"><span class='ocrx_word' id='word_1_200' title='bbox 295 3108 349 3190; x_wconf 89' lang='lat' dir='ltr'><strong>qui</strong></span> <span class='ocrx_word' id='word_1_201' title='bbox 382 3106 539 3191; x_wconf 91' lang='lat' dir='ltr'><strong>proposito</strong></span> <span class='ocrx_word' id='word_1_202' title='bbox 571 3106 781 3189; x_wconf 87' lang='lat' dir='ltr'><strong>adquirendae</strong></span> <span class='ocrx_word' id='word_1_203' title='bbox 814 3106 916 3172; x_wconf 89' lang='lat' dir='ltr'><strong>laudis</strong></span> <span class='ocrx_word' id='word_1_204' title='bbox 948 3106 1105 3172; x_wconf 87' lang='lat' dir='ltr'><strong>humanae</strong></span> <span class='ocrx_word' id='word_1_205' title='bbox 1137 3106 1241 3187; x_wconf 79' lang='lat' dir='ltr'><strong>studio</strong></span> <span class='ocrx_word' id='word_1_206' title='bbox 1275 3104 1448 3171; x_wconf 78' lang='lat' dir='ltr'><strong>lectioniss</strong></span> 
     </span>
     <span class='ocr_line' id='line_1_27' title="bbox 295 3209 1414 3296; baseline 0.001 -22"><span class='ocrx_word' id='word_1_207' title='bbox 295 3211 425 3296; x_wconf 80' lang='lat' dir='ltr'><strong>insistit,</strong></span> <span class='ocrx_word' id='word_1_208' title='bbox 456 3214 571 3277; x_wconf 88' lang='lat' dir='ltr'><strong>donum</strong></span> <span class='ocrx_word' id='word_1_209' title='bbox 594 3228 686 3275; x_wconf 88' lang='lat' dir='ltr'><strong>uerae</strong></span> <span class='ocrx_word' id='word_1_210' title='bbox 708 3211 857 3275; x_wconf 88' lang='lat' dir='ltr'><strong>scientiae</strong></span> <span class='ocrx_word' id='word_1_211' title='bbox 879 3213 1058 3294; x_wconf 90' lang='lat' dir='ltr'><strong>promereri.</strong></span> <span class='ocrx_word' id='word_1_212' title='bbox 1096 3229 1170 3275; x_wconf 88' lang='lat' dir='ltr'><strong>nam</strong></span> <span class='ocrx_word' id='word_1_213' title='bbox 1192 3210 1248 3293; x_wconf 88' lang='lat' dir='ltr'><strong>qui</strong></span> <span class='ocrx_word' id='word_1_214' title='bbox 1269 3209 1329 3275; x_wconf 88' lang='lat' dir='ltr'><strong>hae</strong></span> <span class='ocrx_word' id='word_1_215' title='bbox 1347 3227 1414 3293; x_wconf 85' lang='lat' dir='ltr'><strong>pas·</strong></span> 
     </span>
     <span class='ocr_line' id='line_1_28' title="bbox 295 3313 1415 3398; baseline -0.004 -21"><span class='ocrx_word' id='word_1_216' title='bbox 295 3315 381 3381; x_wconf 91' lang='lat' dir='ltr'><strong>sione</strong></span> <span class='ocrx_word' id='word_1_217' title='bbox 411 3314 576 3380; x_wconf 78' lang='lat' dir='ltr'><strong>deuinctus</strong></span> <span class='ocrx_word' id='word_1_218' title='bbox 607 3319 664 3397; x_wconf 91' lang='lat' dir='ltr'><strong>est,</strong></span> <span class='ocrx_word' id='word_1_219' title='bbox 699 3332 822 3380; x_wconf 87' lang='lat' dir='ltr'><strong>necesse</strong></span> <span class='ocrx_word' id='word_1_220' title='bbox 851 3316 900 3379; x_wconf 88' lang='lat' dir='ltr'><strong>est</strong></span> <span class='ocrx_word' id='word_1_221' title='bbox 928 3318 965 3379; x_wconf 89' lang='lat' dir='ltr'><strong>ut</strong></span> <span class='ocrx_word' id='word_1_222' title='bbox 994 3314 1066 3380; x_wconf 91' lang='lat' dir='ltr'><strong>aliis</strong></span> <span class='ocrx_word' id='word_1_223' title='bbox 1089 3332 1210 3398; x_wconf 86' lang='lat' dir='ltr'><strong>qnoque</strong></span> <span class='ocrx_word' id='word_1_224' title='bbox 1233 3319 1266 3377; x_wconf 90' lang='lat' dir='ltr'><strong>et</strong></span> <span class='ocrx_word' id='word_1_225' title='bbox 1288 3313 1415 3378; x_wconf 84' lang='lat' dir='ltr'><strong>marimo</strong></span> 
     </span>
     <span class='ocr_line' id='line_1_29' title="bbox 296 3416 1413 3501; baseline -0.004 -20"><span class='ocrx_word' id='word_1_226' title='bbox 296 3416 456 3501; x_wconf 87' lang='lat' dir='ltr'><strong>superbiae</strong></span> <span class='ocrx_word' id='word_1_227' title='bbox 478 3418 566 3483; x_wconf 88' lang='lat' dir='ltr'><strong>uitiis</strong></span> <span class='ocrx_word' id='word_1_228' title='bbox 589 3416 762 3498; x_wconf 86' lang='lat' dir='ltr'><strong>obligetur:</strong></span> <span class='ocrx_word' id='word_1_229' title='bbox 786 3419 819 3482; x_wconf 92' lang='lat' dir='ltr'><strong>et</strong></span> <span class='ocrx_word' id='word_1_230' title='bbox 840 3417 888 3482; x_wconf 89' lang='lat' dir='ltr'><strong>ita</strong></span> <span class='ocrx_word' id='word_1_231' title='bbox 908 3417 942 3480; x_wconf 93' lang='lat' dir='ltr'><strong>in</strong></span> <span class='ocrx_word' id='word_1_232' title='bbox 966 3417 1082 3481; x_wconf 90' lang='lat' dir='ltr'><strong>actuali</strong></span> <span class='ocrx_word' id='word_1_233' title='bbox 1104 3420 1199 3498; x_wconf 88' lang='lat' dir='ltr'><strong>atque</strong></span> <span class='ocrx_word' id='word_1_234' title='bbox 1220 3416 1326 3481; x_wconf 89' lang='lat' dir='ltr'><strong>ethica</strong></span> <span class='ocrx_word' id='word_1_235' title='bbox 1346 3432 1413 3479; x_wconf 89' lang='lat' dir='ltr'><strong>con-</strong></span> 
     </span>
     <span class='ocr_line' id='line_1_30' title="bbox 297 3518 1415 3603; baseline -0.005 -18"><span class='ocrx_word' id='word_1_236' title='bbox 297 3522 453 3603; x_wconf 86' lang='lat' dir='ltr'><strong>gressione</strong></span> <span class='ocrx_word' id='word_1_237' title='bbox 482 3522 655 3603; x_wconf 88' lang='lat' dir='ltr'><strong>prostratus</strong></span> <span class='ocrx_word' id='word_1_238' title='bbox 678 3519 845 3585; x_wconf 90' lang='lat' dir='ltr'><strong>scientiam</strong></span> <span class='ocrx_word' id='word_1_239' title='bbox 867 3518 1043 3601; x_wconf 90' lang='lat' dir='ltr'><strong>spiritalem</strong></span> <span class='ocrx_word' id='word_1_240' title='bbox 1066 3537 1144 3602; x_wconf 89' lang='lat' dir='ltr'><strong>quae</strong></span> <span class='ocrx_word' id='word_1_241' title='bbox 1166 3533 1203 3583; x_wconf 84' lang='lat' dir='ltr'><strong>ea</strong></span> <span class='ocrx_word' id='word_1_242' title='bbox 1225 3535 1262 3583; x_wconf 90' lang='lat' dir='ltr'><strong>ea</strong></span> <span class='ocrx_word' id='word_1_243' title='bbox 1284 3518 1415 3583; x_wconf 79' lang='lat' dir='ltr'><strong>nasdtur</strong></span> 
     </span>
    </p>
   </div>
   <div class='ocr_carea' id='block_1_4' title="bbox 399 3742 641 3810">
    <p class='ocr_par' dir='ltr' id='par_1_4' title="bbox 399 3742 641 3810">
     <span class='ocr_line' id='line_1_31' title="bbox 399 3742 641 3810; baseline 0 -13"><span class='ocrx_word' id='word_1_244' title='bbox 399 3742 415 3797; x_wconf 88' lang='grc'><strong>2</strong></span> <span class='ocrx_word' id='word_1_245' title='bbox 432 3742 476 3797; x_wconf 87' lang='lat' dir='ltr'><strong>Pe.</strong></span> <span class='ocrx_word' id='word_1_246' title='bbox 496 3742 554 3810; x_wconf 87' lang='lat'>100,</span> <span class='ocrx_word' id='word_1_247' title='bbox 573 3742 641 3797; x_wconf 90' lang='grc'><strong>1-2</strong></span> 
     </span>
    </p>
   </div>
   <div class='ocr_carea' id='block_1_5' title="bbox 297 3936 1416 4450">
    <p class='ocr_par' dir='ltr' id='par_1_5' title="bbox 297 3936 1416 4450">
     <span class='ocr_line' id='line_1_32' title="bbox 348 3936 1415 4017; baseline -0.006 -16"><span class='ocrx_word' id='word_1_248' title='bbox 348 3948 520 4017; x_wconf 72' lang='lat' dir='ltr'><strong>tintellcgit</strong></span> <span class='ocrx_word' id='word_1_249' title='bbox 537 3947 658 4002; x_wconf 71' lang='lat' dir='ltr'><strong>ll’YOo</strong></span> <span class='ocrx_word' id='word_1_250' title='bbox 743 3936 909 4017; x_wconf 83' lang='lat' dir='ltr'><strong>4spiritali⁸</strong></span> <span class='ocrx_word' id='word_1_251' title='bbox 926 3948 955 3998; x_wconf 92' lang='grc' dir='ltr'><em>Σ</em></span> <span class='ocrx_word' id='word_1_252' title='bbox 983 3945 1194 4016; x_wconf 81' lang='lat' dir='ltr'><strong>spiritaliHOc</strong></span> <span class='ocrx_word' id='word_1_253' title='bbox 1280 3948 1312 3999; x_wconf 92' lang='grc'><strong>11</strong></span> <span class='ocrx_word' id='word_1_254' title='bbox 1331 3942 1415 3997; x_wconf 86' lang='lat' dir='ltr'><strong>iohan-</strong></span> 
     </span>
     <span class='ocr_line' id='line_1_33' title="bbox 297 4028 1416 4097; baseline -0.003 -10"><span class='ocrx_word' id='word_1_255' title='bbox 297 4034 340 4087; x_wconf 92' lang='lat' dir='ltr'><strong>nis</strong></span> <span class='ocrx_word' id='word_1_256' title='bbox 357 4032 396 4085; x_wconf 80' lang='grc' dir='ltr'><strong>Πι</strong></span> <span class='ocrx_word' id='word_1_257' title='bbox 425 4034 586 4089; x_wconf 88' lang='lat' dir='ltr'><strong>oiohannes</strong></span> <span class='ocrx_word' id='word_1_258' title='bbox 606 4036 631 4086; x_wconf 75' lang='grc' dir='ltr'><em>Τ</em></span> <span class='ocrx_word' id='word_1_259' title='bbox 715 4035 748 4089; x_wconf 91' lang='grc'><strong>12</strong></span> <span class='ocrx_word' id='word_1_260' title='bbox 765 4034 876 4090; x_wconf 78' lang='lat' dir='ltr'><strong>adultae.</strong></span> <span class='ocrx_word' id='word_1_261' title='bbox 894 4034 924 4085; x_wconf 85' lang='lat' dir='ltr'><em>H</em></span> <span class='ocrx_word' id='word_1_262' title='bbox 1009 4034 1042 4087; x_wconf 83' lang='lat'><strong>13</strong></span> <span class='ocrx_word' id='word_1_263' title='bbox 1055 4033 1227 4087; x_wconf 70' lang='lat' dir='ltr'><strong>relationeZ</strong></span> <span class='ocrx_word' id='word_1_264' title='bbox 1315 4031 1346 4084; x_wconf 83' lang='grc'><strong>15</strong></span> <span class='ocrx_word' id='word_1_265' title='bbox 1358 4028 1416 4097; x_wconf 63' lang='grc' dir='ltr'><em>Μ</em></span> 
     </span>
     <span class='ocr_line' id='line_1_34' title="bbox 297 4116 1416 4193; baseline -0.008 -19"><span class='ocrx_word' id='word_1_266' title='bbox 297 4122 433 4193; x_wconf 87' lang='lat' dir='ltr'><strong>ingressus</strong></span> <span class='ocrx_word' id='word_1_267' title='bbox 460 4121 569 4177; x_wconf 73' lang='lat' dir='ltr'><strong>adducat</strong></span> <span class='ocrx_word' id='word_1_268' title='bbox 594 4120 716 4178; x_wconf 69' lang='lat' dir='ltr'><strong>limos:</strong></span> <span class='ocrx_word' id='word_1_269' title='bbox 752 4122 861 4175; x_wconf 89' lang='lat' dir='ltr'><strong>omnis</strong></span> <span class='ocrx_word' id='word_1_270' title='bbox 888 4121 985 4190; x_wconf 88' lang='lat' dir='ltr'><strong>quippe</strong></span> <span class='ocrx_word' id='word_1_271' title='bbox 1012 4118 1109 4175; x_wconf 86' lang='lat' dir='ltr'><strong>labor</strong></span> <span class='ocrx_word' id='word_1_272' title='bbox 1136 4117 1286 4173; x_wconf 89' lang='lat' dir='ltr'><strong>hominis</strong></span> <span class='ocrx_word' id='word_1_273' title='bbox 1313 4116 1346 4169; x_wconf 90' lang='lat' dir='ltr'><strong>in</strong></span> <span class='ocrx_word' id='word_1_274' title='bbox 1366 4125 1416 4167; x_wconf 88' lang='lat' dir='ltr'><strong>ore</strong></span> 
     </span>
     <span class='ocr_line' id='line_1_35' title="bbox 298 4202 1415 4277; baseline -0.005 -17"><span class='ocrx_word' id='word_1_275' title='bbox 298 4208 410 4277; x_wconf 85' lang='lat' dir='ltr'><strong>ipsius</strong></span> <span class='ocrx_word' id='word_1_276' title='bbox 423 4206 507 4271; x_wconf 83' lang='lat' dir='ltr'><strong>(Eccl.</strong></span> <span class='ocrx_word' id='word_1_277' title='bbox 520 4211 545 4273; x_wconf 84' lang='lat'><strong>6,</strong></span> <span class='ocrx_word' id='word_1_278' title='bbox 556 4210 584 4273; x_wconf 75' lang='lat'><strong>⁷&gt;</strong></span> <span class='ocrx_word' id='word_1_279' title='bbox 597 4211 625 4261; x_wconf 86' lang='lat' dir='ltr'><strong>et</strong></span> <span class='ocrx_word' id='word_1_280' title='bbox 711 4208 744 4262; x_wconf 86' lang='grc'><strong>18</strong></span> <span class='ocrx_word' id='word_1_281' title='bbox 762 4206 936 4262; x_wconf 80' lang='lat' dir='ltr'><strong>coenodoxiae</strong></span> <span class='ocrx_word' id='word_1_282' title='bbox 954 4206 983 4257; x_wconf 90' lang='grc' dir='ltr'><strong><em>Σ</em></strong></span> <span class='ocrx_word' id='word_1_283' title='bbox 1067 4204 1165 4274; x_wconf 82' lang='lat' dir='ltr'><strong>paruit</strong></span> <span class='ocrx_word' id='word_1_284' title='bbox 1182 4205 1212 4256; x_wconf 87' lang='grc' dir='ltr'><em>Π</em></span> <span class='ocrx_word' id='word_1_285' title='bbox 1297 4202 1330 4255; x_wconf 85' lang='grc'><strong>19</strong></span> <span class='ocrx_word' id='word_1_286' title='bbox 1346 4212 1415 4268; x_wconf 59' lang='grc' dir='ltr'><strong>μιν</strong></span> 
     </span>
     <span class='ocr_line' id='line_1_36' title="bbox 298 4284 1415 4364; baseline -0.004 -18"><span class='ocrx_word' id='word_1_287' title='bbox 298 4295 398 4349; x_wconf 82' lang='lat' dir='ltr'><strong>sumtio</strong></span> <span class='ocrx_word' id='word_1_288' title='bbox 415 4292 497 4362; x_wconf 70' lang='grc' dir='ltr'><strong>Σ10)</strong></span> <span class='ocrx_word' id='word_1_289' title='bbox 588 4294 620 4347; x_wconf 91' lang='grc'><strong>21</strong></span> <span class='ocrx_word' id='word_1_290' title='bbox 639 4295 883 4364; x_wconf 83' lang='lat' dir='ltr'><strong>interrogationum</strong></span> <span class='ocrx_word' id='word_1_291' title='bbox 901 4295 927 4345; x_wconf 66' lang='grc' dir='ltr'><em>Τ</em></span> <span class='ocrx_word' id='word_1_292' title='bbox 1009 4292 1044 4346; x_wconf 90' lang='grc'><strong>22</strong></span> <span class='ocrx_word' id='word_1_293' title='bbox 1061 4291 1208 4347; x_wconf 70' lang='lat' dir='ltr'><strong>neaeman·</strong></span> <span class='ocrx_word' id='word_1_294' title='bbox 1225 4290 1254 4341; x_wconf 85' lang='grc' dir='ltr'><em>Σ</em></span> <span class='ocrx_word' id='word_1_295' title='bbox 1278 4284 1415 4343; x_wconf 67' lang='lat' dir='ltr'><strong>nomme</strong></span> 
     </span>
     <span class='ocr_line' id='line_1_37' title="bbox 298 4374 1354 4450; baseline -0.006 -17"><span class='ocrx_word' id='word_1_296' title='bbox 298 4382 324 4433; x_wconf 76' lang='lat' dir='ltr'><strong>‘l&#39;</strong></span> <span class='ocrx_word' id='word_1_297' title='bbox 416 4380 460 4450; x_wconf 89' lang='lat' dir='ltr'><strong>nt]</strong></span> <span class='ocrx_word' id='word_1_298' title='bbox 478 4396 530 4435; x_wconf 90' lang='lat' dir='ltr'><strong>non</strong></span> <span class='ocrx_word' id='word_1_299' title='bbox 549 4382 580 4434; x_wconf 89' lang='lat' dir='ltr'><strong>ut</strong></span> <span class='ocrx_word' id='word_1_300' title='bbox 597 4381 624 4432; x_wconf 79' lang='lat' dir='ltr'><strong>&#39;l’</strong></span> <span class='ocrx_word' id='word_1_301' title='bbox 718 4380 752 4435; x_wconf 83' lang='grc'><strong>24</strong></span> <span class='ocrx_word' id='word_1_302' title='bbox 770 4382 812 4435; x_wconf 87' lang='lat' dir='ltr'><strong>est</strong></span> <span class='ocrx_word' id='word_1_303' title='bbox 829 4380 900 4434; x_wconf 83' lang='lat' dir='ltr'><strong>euim</strong></span> <span class='ocrx_word' id='word_1_304' title='bbox 918 4380 994 4433; x_wconf 71' lang='lat' dir='ltr'><strong>YOr</strong></span> <span class='ocrx_word' id='word_1_305' title='bbox 1096 4378 1130 4431; x_wconf 72' lang='grc'><strong>22</strong></span> <span class='ocrx_word' id='word_1_306' title='bbox 1149 4376 1271 4431; x_wconf 76' lang='lat' dir='ltr'><strong>deuictus</strong></span> <span class='ocrx_word' id='word_1_307' title='bbox 1287 4374 1354 4427; x_wconf 69' lang='grc' dir='ltr'><strong>ΠΤ*</strong></span> 
     </span>
    </p>
   </div>
   <div class='ocr_carea' id='block_1_6' title="bbox 0 0 1552 4967">
    <p class='ocr_par' dir='ltr' id='par_1_6' title="bbox 0 0 1552 4967">
     <span class='ocr_line' id='line_1_38' title="bbox 0 0 1552 4967; baseline 0 0"><span class='ocrx_word' id='word_1_308' title='bbox 0 0 1552 4967; x_wconf 95' lang='lat' dir='ltr'><strong> </strong></span> 
     </span>
    </p>
   </div>
  </div>
 </body>
</html>
