3092 4967
534 450 694 507 Conlatio
715 450 738 513 1,
756 449 867 505 22-23.
1220 450 1263 517 35

182 639 301 709 XXIII.
325 639 374 708 sd
397 638 474 705 baec
495 640 726 721 obstupefactos
748 656 804 705 nos
820 639 945 705 intuens
960 657 1051 705 senex
1065 642 1098 704 et
1112 639 1152 704 ad
1166 639 1260 706 uerba

140 742 325 809 narrationis
353 760 427 807 suae
455 741 634 825 inexplebili
656 740 764 808 ardore
784 759 955 821 succensos,
978 759 1034 823 pro
1056 742 1262 811 admiratione

142 845 284 921 desiderii
317 844 415 911 nostri
448 844 602 928 paulisper
635 861 778 909 sermone
810 862 960 927 suspenso
992 862 1099 911 rursus
1131 846 1260 911 adiecit:

142 950 286 1032 qnoniam
321 966 386 1025 nos,
415 966 432 1013 o
458 946 528 1023 filii,
557 947 598 1012 ad
626 946 869 1031 disputationem
903 950 969 1012 tam
1001 947 1126 1030 longam
1159 953 1264 1014 uestra

122 1054 290 1121 eredulitas
319 1054 498 1135 prouocauit
525 1055 557 1115 et
585 1052 666 1135 ignis
693 1051 822 1133 quidam
849 1052 1016 1117 conlationi
1044 1053 1168 1119 nostrae
1198 1053 1262 1119 fer·

142 1156 297 1225 nentiores
320 1173 426 1221 sensus
448 1171 503 1237 pro
526 1157 629 1221 uestro
653 1153 802 1219 desiderio
833 1153 1059 1233 subministrat,
1090 1156 1127 1220 ut
1149 1175 1184 1221 ex
1206 1155 1264 1220 hoc

141 1259 235 1325 etiam
265 1258 334 1341 ipso
362 1256 527 1323 manifeste
556 1257 747 1341 contempler
769 1256 802 1321 in
825 1259 956 1323 ueritate
984 1275 1041 1322 uos
1069 1259 1264 1341 perfeetionis

141 1363 227 1427 sitire
251 1360 434 1441 doctrinam,
457 1360 527 1426 uolo
542 1360 632 1427 uobis
647 1360 749 1426 adbuc
764 1378 857 1442 snper
872 1360 1069 1427 discretionis
1086 1362 1263 1429 eximietate

140 1463 191 1529 uel
224 1463 338 1544 gratia,
372 1483 449 1548 quae
478 1465 560 1529 inter
587 1468 712 1531 cunctas
741 1464 873 1531 uirtutes
902 1483 1004 1532 arcem
1033 1484 1069 1531 ac
1095 1467 1263 1548 primatum

111 1570 237 1651 otenel,
266 1586 362 1648 pauca
389 1566 534 1633 disserere
563 1568 840 1651 excellentiamque
866 1569 932 1633 eius
956 1571 988 1633 et
1011 1568 1181 1634 utilitatem
1203 1588 1264 1638 non

142 1672 241 1739 solum
265 1668 427 1737 cotidianis
450 1670 609 1755 exemplis,
638 1670 691 1735 sed
714 1673 808 1737 etiam
831 1671 969 1754 antiquis
992 1676 1117 1753 patrum
1140 1673 1264 1738 consul-

142 1772 315 1839 tationibus
338 1791 373 1839 ac
395 1774 559 1839 sententiis
582 1772 758 1855 adprobare.
796 1772 973 1855 frequenter
989 1792 1120 1856 namque
1137 1774 1295 1841 memini2

141 1876 300 1945 nonnullis
332 1875 506 1941 huiusmodi
539 1894 710 1942 sermonem
739 1894 812 1942 curn
840 1877 960 1959 gemitu
986 1878 1183 1961 lacrimisque
1211 1898 1265 1963 po·

142 1980 301 2047 arentibus
325 1998 374 2043 me
396 1998 516 2062 quoque
540 1979 658 2063 aliquid
682 1982 723 2043 eis
747 1979 908 2045 docuinae
930 1980 1067 2045 conferre
1090 1984 1265 2065 cupientem

113 2083 324 2149 enullatenus
352 2081 491 2165 potuisse
519 2085 551 2147 et
579 2082 626 2147 ita
652 2082 686 2147 in
715 2102 764 2147 me
794 2099 855 2147 non
882 2082 984 2149 solum
1015 2102 1134 2162 senens,
1156 2103 1266 2154 uerum

142 2187 236 2254 etiam
269 2186 373 2267 ipsum
402 2184 559 2268 eloquium
588 2184 744 2264 defecisse,
774 2192 892 2251 utnon
923 2187 1096 2254 inuenirem
1119 2189 1266 2271 quemad·

142 2289 270 2357 modum
304 2308 354 2355 eos
385 2289 436 2353 uel
470 2308 542 2354 cnm
575 2287 638 2360 leui
671 2288 882 2357 consolatione
915 2288 1116 2355 dimitterem.
1154 2291 1266 2373 quibus

142 2394 266 2461 indiciis
300 2392 458 2458 euidenter
490 2392 670 2476 agnoscitur
697 2392 816 2459 domini
843 2395 976 2475 gratiam
1008 2411 1062 2477 pro
1092 2394 1267 2460 meritone

143 2495 296 2565 desiderio
320 2492 512 2560 audientium
528 2494 760 2575 disputantibus
777 2496 935 2577 adspirare
951 2514 1134 2561 sermonem.
1174 2516 1266 2581 quem

112 2602 213 2683 roquia
248 2598 467 2663 breuissimum
501 2597 585 2662 istud
619 2597 698 2680 quod
732 2605 873 2681 superest
907 2602 1008 2663 noctis
1037 2602 1173 2681 spatium
1203 2619 1265 2665 non

144 2702 279 2769 occurrit
314 2700 443 2782 explere,
482 2700 678 2785 indulgentes
716 2700 793 2766 illud
827 2700 930 2784 potius
964 2703 1060 2785 quieti
1097 2721 1265 2788 corporeae,

20 2884 23 2889 ¹
143 2807 191 2872 cui
213 2822 340 2871 necesse
362 2808 410 2869 est
431 2807 532 2869 totum
557 2804 699 2886 persolni,
723 2806 749 2869 si
774 2803 804 2867 id
827 2804 909 2885 quod
932 2807 1087 2873 modicum
1106 2811 1155 2871 est
1170 2808 1268 2872 fuerit

143 2908 340 2992 denegatum,
374 2906 499 2987 plenum
534 2904 722 2969 narrationis
754 2903 892 2969 ordinem
928 2906 1050 2989 integro
1078 2906 1177 2970 futuri
1206 2907 1268 2972 diei

144 3032 195 3078 seu
229 3012 331 3077 noctis
368 3009 500 3074 examini
536 3026 739 3073 reseruemus.
782 3007 870 3073 decet
902 3026 1034 3090 namque
1072 3008 1298 3075 discretionis3

113 3118 278 3199 septimos
313 3112 505 3178 consultores
538 3112 570 3174 in
600 3111 658 3176 boc
685 3112 821 3191 primum
850 3111 1023 3195 patefacere
1052 3130 1126 3177 suae
1154 3115 1268 3179 mentis

143 3219 328 3285 industriam
357 3218 389 3279 ot
416 3216 522 3279 utrum
550 3214 614 3277 sint
641 3213 693 3277 nel
722 3231 789 3278 esse
817 3214 939 3295 possint
966 3215 1032 3278 eius
1061 3232 1188 3297 capaces
1211 3216 1269 3281 hoc

144 3321 258 3387 indicio
288 3337 326 3385 ac
353 3318 505 3400 patientia
527 3316 722 3399 conprobare,
750 3322 786 3382 ut
809 3317 847 3382 de
869 3318 927 3383 illa
948 3335 1026 3399 qnae
1049 3319 1269 3385 moderationis

143 3424 321 3508 generatrix
344 3425 393 3487 est
416 3421 534 3485 uirtute
556 3423 727 3484 tractantes
753 3438 948 3503 nequaqnam
970 3422 1083 3485 uitium
1106 3423 1186 3504 quod
1209 3423 1269 3507 ipsi

146 3526 335 3591 contrarium
365 3525 412 3589 est
441 3522 614 3587 nimietatis
639 3522 810 3599 incurrant,
839 3525 905 3587 uim
932 3523 1062 3588 rationis
1084 3542 1119 3589 ao
1140 3530 1270 3593 naturae

114 3632 209 3697 areius
234 3648 331 3713 quam
362 3626 468 3693 uerbis
497 3626 643 3693 excolunt
673 3626 785 3691 effectu
812 3629 905 3708 atque
929 3644 1017 3709 opere
1041 3627 1202 3693 uiolentos.
1238 3631 1269 3696 in

146 3734 203 3799 boc
225 3750 299 3816 ergo
322 3730 410 3796 nobis
434 3730 629 3797 discretionis
652 3729 779 3807 bonum,
801 3730 838 3794 de
860 3748 930 3813 qua,
952 3734 1104 3811 quantum
1127 3730 1270 3798 dominus

197 3959 211 4011 1
240 3955 319 4009 arella
344 3954 487 4009 distinctio
512 3954 544 4007 ia
571 3953 610 4008 W
710 3951 871 4019 stupefactos
896 3952 933 4006 W
1035 3952 1052 4005 b
1078 3952 1184 4020 quidem
1210 3966 1272 4004 con-

146 4042 247 4095 latione
264 4038 306 4095 D·
411 4038 444 4092 10
466 4037 673 4106 excellentiaque
693 4036 734 4091 D¹
837 4037 894 4090 eius
912 4052 963 4090 ora.
984 4036 1022 4091 W
1124 4038 1154 4090 11
1178 4036 1273 4090 cottid.

147 4126 178 4181 X
279 4123 474 4179 conlationibus
491 4123 565 4189 X(c)
668 4121 704 4177 23
723 4122 816 4177 futuro
833 4121 875 4175 Β*
977 4120 1012 4174 24
1034 4121 1151 4174 examine
1175 4120 1205 4174 D

147 4211 315 4266 discritiones
331 4210 379 4264 W¹
465 4208 500 4262 25
518 4208 709 4262 consultatores
728 4206 757 4261 D
842 4206 877 4261 27
894 4206 990 4260 inditio
1008 4206 1042 4260 W
1127 4206 1273 4259 291ὶωί1-

147 4298 220 4351 tates
249 4295 296 4350 W¹
400 4295 518 4349 rationes
548 4294 595 4351 W¹
705 4292 740 4346 31)
767 4291 887 4345 excolent
913 4292 954 4345 1)Ι
1057 4292 1150 4347 affeetu
1177 4290 1206 4346 D

148 4384 179 4437 31
198 4380 340 4452 quantum]
358 4380 429 4450 qnod
446 4382 477 4434 ira
493 4396 548 4437 ras.
568 4380 698 4451 longioris
714 4380 791 4433 uncia
808 4378 837 4431 D

1131 4484 1169 4535 3⁸
