3092 4967
309 456 374 522 274
694 455 861 511 Iohannis
883 453 1048 511 Cassiani

309 646 431 711 nectus
463 645 604 729 emergIt
631 647 678 711 ita
705 648 742 710 ut
763 646 858 710 etiam
880 645 913 709 in
936 644 1087 711 clamores
1108 645 1258 728 quosdam
1281 644 1416 713 intolera-

309 751 383 818 bilis
404 749 512 833 gaudii
532 748 732 813 inmensitate
756 749 940 830 prorumpat
961 752 994 813 et
1015 746 1126 813 oollam
1141 748 1240 815 nicini
1254 750 1419 815 iucunditas

310 853 410 919 cordis
433 856 465 918 et
486 852 684 917 exultationis
705 851 849 934 penetret
875 852 1065 935 magnitudo.
1104 870 1340 935 nonnumquam
1360 870 1422 919 uero

308 961 397 1024 tanto
424 956 548 1022 silentio
576 973 664 1020 mens
692 954 777 1020 iutra
805 959 959 1021 secretum
992 954 1164 1037 profundae
1199 955 1420 1023 taciturnitatis

309 1059 518 1136 absconditur,
547 1061 584 1127 nt
611 1072 735 1124 omnem
762 1060 890 1143 penItus
918 1077 1030 1125 sonum
1059 1058 1145 1125 uocis
1174 1062 1286 1143 stupor
1313 1059 1450 1131 subices

307 1163 557 1230 inluminationis
578 1162 720 1227 includat
741 1180 909 1245 omnesque
930 1180 1045 1228 sensus
1061 1163 1222 1229 adtonitus
1238 1164 1368 1247 spiritus
1381 1163 1424 1228 nel

307 1267 465 1335 contineat
491 1268 680 1332 iutrinseous
709 1267 759 1331 uel
787 1266 917 1331 amittat
944 1283 981 1333 ac
1006 1266 1160 1332 desideria
1182 1284 1239 1331 sna
1263 1266 1424 1350 gemitibus

307 1370 571 1438 inenarrabilibus
597 1371 736 1437 effundat
765 1372 804 1437 ad
833 1370 934 1437 deum.
963 1370 1124 1436 interdum
1150 1389 1224 1437 uero
1246 1374 1337 1437 tauta
1357 1389 1421 1438 oon·

306 1474 482 1559 punctionis
503 1474 694 1541 abundantia
716 1492 753 1539 ao
775 1475 878 1541 dolore
900 1474 1073 1559 suppletur,
1097 1476 1133 1539 ut
1155 1474 1234 1545 alias
1259 1493 1330 1541 eam
1345 1475 1424 1558 dign

307 1598 377 1645 rere
397 1579 458 1645 nisi
481 1579 681 1645 lacrimarum
703 1578 923 1660 euaporatione
944 1596 1005 1643 non
1028 1579 1137 1660 possIt.
1433 1608 1453 1649 n

349 1699 497 1766 XXVIII.
521 1717 721 1767 ouuuauvs:
745 1699 838 1765 Hunc
859 1700 1002 1783 equidem
1028 1702 1264 1782 conpunctionis
1287 1700 1424 1767 affectum

308 1823 345 1869 ex
366 1809 455 1888 parte
477 1805 582 1886 aliqua
603 1821 675 1869 mea
696 1822 818 1886 quoque
840 1804 995 1888 exiguitas
1017 1822 1078 1869 non
1100 1805 1233 1887 ignorat.
1257 1804 1426 1887 frequenter

308 1908 392 1972 enim
413 1907 624 1973 recordatione
646 1908 830 1973 delictorum
853 1926 993 1973 meorum
1016 1908 1134 1974 obortis
1149 1908 1288 1973 laommIs
1303 1910 1350 1973 ita
1364 1925 1426 1973 sum

306 2012 366 2077 boc
394 2010 547 2077 ineffabili
575 2015 613 2076 ut
642 2012 799 2093 praefatus
825 2029 858 2076 es
880 2011 992 2094 gaudio
1015 2011 1165 2077 uisitame
1187 2010 1317 2077 domino
1340 2029 1428 2095 uege-

306 2116 403 2195 utus,
432 2118 468 2180 ut
497 2118 660 2197 desperare
689 2134 740 2179 me
768 2114 895 2180 illorum
925 2115 1049 2181 uentam
1073 2134 1135 2181 non
1158 2114 1271 2181 debere
1293 2114 1454 2183 laetitiaes

305 2218 400 2301 ipsius
422 2220 604 2302 magnitudo
627 2218 769 2283 dictaret.
804 2237 864 2301 quo
887 2220 972 2285 statu
988 2236 1055 2284 reor
1073 2216 1153 2283 nihil
1169 2236 1237 2285 esse
1253 2217 1423 2294 sublimius,

278 2324 334 2390 2si
355 2324 509 2407 reparatio
532 2310 598 2388 eius
620 2323 727 2388 nostro
743 2322 917 2389 subtaceret
932 2322 1074 2388 arbitrio.
1109 2341 1182 2389 nam
1198 2338 1428 2405 nonnumquam

306 2430 431 2512 cupiens
452 2427 643 2492 adsimilem
657 2444 708 2491 me
723 2426 924 2491 lacrimarum
947 2426 1207 2509 conpunetIonem
1224 2427 1301 2491 totle
1316 2425 1429 2490 uiribus

305 2533 438 2598 excitare
470 2548 638 2612 omnesque
671 2547 789 2595 errores
822 2548 906 2596 meos
940 2534 1034 2612 atque
1066 2530 1193 2612 peccata
1227 2530 1300 2595 aute
1328 2529 1428 2595 oculos

305 2637 447 2701 statuens
469 2635 647 2699 ubertatem
669 2632 758 2698 illam
784 2632 917 2698 fletuum
929 2646 1085 2699 'reuocare
1107 2651 1169 2698 non
1184 2650 1324 2716 possum,
1341 2636 1375 2698 et
1389 2634 1457 2701 itas

307 2739 388 2804 oculi
411 2737 474 2803 mei
495 2738 528 2802 in
550 2740 677 2803 modum
700 2738 859 2805 cniusdam
874 2738 1059 2803 durissimae
1075 2736 1174 2803 silicis
1188 2736 1429 2820 praedurantur,

306 2844 342 2906 ut
363 2842 451 2905 nulla
465 2858 590 2923 prorsus
606 2859 642 2905 er
657 2841 702 2906 eis
717 2842 834 2906 umoris
855 2844 947 2923 gutta
962 2840 1112 2907 destillet.
1146 2842 1178 2907 et
1191 2840 1261 2905 ideo
1278 2841 1427 2923 quantum

306 2944 386 3009 mihi
414 2946 446 3009 in
477 2944 533 3010 illa
557 2944 758 3010 lacrimarum
780 2946 955 3027 profusione
978 2944 1168 3029 congaudeo,
1194 2947 1321 3010 tantum
1344 2943 1428 3009 doleo

306 3051 387 3132 quod
410 3049 510 3129 illam,
534 3066 605 3114 cum
627 3048 763 3133 noluero,
786 3068 967 3131 recuperare
990 3068 1052 3115 non
1074 3066 1215 3131 possum.

347 3170 514 3236 XXVIIII.
544 3187 659 3236 misc:
690 3170 761 3237 Non
787 3170 888 3235 omnis
911 3169 1112 3235 lacrimarum
1134 3168 1271 3251 profusio
1294 3186 1356 3234 uno
1376 3165 1459 3234 ada

306 3274 389 3340 iectu
417 3274 470 3340 uel
498 3292 560 3339 una
585 3274 704 3339 uirtute
736 3273 939 3357 depromitur.
977 3275 1069 3339 aliter
1098 3273 1182 3337 euim
1214 3271 1271 3336 ille
1305 3273 1428 3339 emanat

304 3377 407 3456 fletus,
437 3377 489 3462 qui
518 3380 716 3460 peccatorum
745 3378 836 3460 spina
865 3395 917 3443 cor
946 3382 1087 3443 nostrum
1116 3376 1335 3460 conpungente
1361 3392 1430 3459 pro·

306 3480 414 3560 fertur,
437 3481 551 3563 dequo
574 3480 705 3546 dicitur:
727 3480 910 3547 laboraui
931 3480 970 3545 iu
992 3478 1143 3563 gemitu
1167 3493 1272 3556 meo,
1288 3474 1430 3543 lauatio

407 3685 442 3739 28
460 3683 505 3738 Ps.
522 3685 547 3753 6,
566 3684 582 3738 7
1520 3634 1521 3699 ¹

357 3875 371 3928 1
389 3874 428 3943 in]
447 3889 508 3928 cum
528 3874 552 3929 0
637 3873 744 3929 cosdem
760 3872 785 3927 0
871 3872 1055 3929 intolerabiles
1067 3873 1097 3929 D
1187 3872 1325 3929 tiocund.
1338 3874 1369 3928 X

304 3960 322 4013 3
340 3959 514 4013 exultationes
535 3960 572 4015 V¹
666 3960 856 4015 lintrinsicus
880 3960 914 4015 V¹
1007 3960 1117 4015 emittat
1136 3959 1188 4015 ΟΡ
1280 3956 1429 4013 Beffnndit
1520 4000 1521 4045 ,

308 4045 333 4100 0
417 4046 433 4099 9
451 4045 567 4101 haband.
585 4046 666 4103 DOP
752 4049 783 4102 11
803 4047 1007 4116 ounpunctIonis
1026 4046 1052 4103 V
1134 4046 1167 4101 13
1184 4044 1368 4101 abortiaD²P
1520 4046 1521 4075 l

304 4131 338 4186 14
355 4132 492 4201 cogitatus
514 4132 540 4186 V
639 4133 673 4188 18
689 4133 759 4189 tutis
781 4133 816 4189 V¹
920 4135 953 4189 19
971 4133 1057 4203 adque
1079 4132 1155 4188 VOP
1258 4130 1293 4186 22
1311 4130 1429 4186 humoris

303 4218 390 4275 DOX
477 4217 594 4273 distillet
604 4218 663 4274 DP
755 4220 1007 4276 aminneam
1099 4218 1248 4289 congaudio
1259 4218 1300 4272 D¹
1328 4216 1430 4287 gaudm
1520 4258 1521 4299 ,

307 4304 331 4361 0
415 4303 450 4358 24
462 4319 569 4374 possm
583 4304 648 4361 VO:
665 4306 767 4361 nalem
779 4305 870 4362 DBX
956 4306 1046 4361 261111
1060 4305 1113 4362 ΟΧ
1197 4304 1232 4359 28
1243 4318 1296 4374 qna
1312 4304 1366 4361 VX
1520 4302 1521 4307 ’

304 4392 404 4461 gemite
421 4390 462 4445 D¹
