3092 4967
330 443 394 509 508
721 444 886 499 lobannis
907 445 1066 500 Cassiani

332 634 385 700 uel
416 635 582 700 traditione
610 639 822 718 perceperant,
845 635 987 718 operibus
1011 636 1159 719 experiri:
1187 635 1243 718 qui
1265 653 1366 701 morse
1386 651 1450 700 snos

332 756 369 802 ao
390 736 496 803 studia
517 737 631 818 quibus
652 739 755 805 inbuti
778 739 904 806 fuerant
928 741 1134 816 retentantes,
1159 741 1195 804 ut
1216 739 1262 804 eis
1285 739 1451 822 exprobrari

332 860 353 906 a
385 841 545 906 nonnullis
580 842 671 918 solet,
705 859 767 908 non
806 842 963 925 proiectus
995 841 1045 908 sui
1079 843 1192 926 gratie,
1226 843 1281 908 sed
1314 843 1451 908 uitandae

333 942 484 1028 egestatis
514 944 700 1010 necessitate
733 946 905 1012 existimati
935 948 1015 1011 eunt
1045 945 1222 1030 prouinciae
1256 947 1451 1012 conmutesee

302 1050 397 1116 iinon
425 1048 528 1114 solum
556 1048 642 1114 eninr
670 1047 751 1114 nihil
781 1048 967 1115 eruditionis
997 1048 1172 1132 adquirere,
1202 1052 1257 1116 sed
1283 1069 1322 1114 ne
1342 1049 1479 1114 mutnet

333 1153 462 1236 quidem
483 1151 515 1218 iu
538 1152 588 1218 bis
611 1151 752 1235 partibus
767 1153 941 1218 conmorari
956 1151 1125 1235 pertinacis
1141 1153 1239 1218 animi
1253 1152 1452 1219 obstinatione

334 1257 511 1341 potnerunt.
552 1273 625 1320 cunr
646 1255 731 1321 enirn
745 1273 803 1322 nec
821 1255 1007 1322 ieiuniorum
1022 1273 1142 1321 morem
1157 1273 1257 1338 neque
1273 1257 1450 1342 psalmorum

334 1361 474 1427 ordinem
505 1377 562 1424 nec
591 1359 730 1441 ipsorum
759 1357 895 1440 denique
924 1357 1180 1425 indumentorum
1212 1357 1358 1426 habiturn
1390 1377 1451 1441 per·

334 1466 522 1541 mutassent,
542 1462 620 1546 quid
642 1462 728 1528 aliud
750 1461 783 1528 in
806 1462 866 1528 hec
889 1463 1015 1547 regione
1038 1462 1151 1529 metari
1166 1481 1261 1546 qnam
1276 1463 1343 1529 sola
1357 1462 1451 1527 uictus

335 1569 385 1632 sui
407 1566 576 1649 conpendia
597 1566 819 1632 crederentur?
1458 1588 1477 1627 u

381 1686 439 1754 ΙΙΙ.
461 1686 670 1767 Quamobrem
692 1686 720 1751 si
741 1703 799 1752 uos
825 1685 1083 1768 quemadmodum
1113 1687 1270 1753 eredimus
1296 1688 1346 1752 dei
1371 1705 1452 1752 causa

335 1791 376 1857 ad
392 1789 635 1856 aemulationem
651 1791 773 1855 nostrae
788 1789 958 1874 agnitionis
973 1791 1121 1876 adtraxit,
1137 1791 1281 1859 omnibus
1296 1791 1450 1867 institutis,

336 1894 451 1977 quibus
472 1893 540 1959 illic
561 1893 730 1977 primordia
750 1898 858 1960 nestra
879 1897 1052 1978 praeuenta
1066 1896 1151 1976 sunt,
1167 1895 1293 1978 ponitus
1308 1894 1450 1960 abdicatio

336 2014 548 2081 quaecumque
570 1998 707 2062 seniores
728 2003 853 2062 nostros
867 2015 960 2080 agere
975 1999 1027 2063 uel
1042 1998 1165 2064 tradere
1179 1997 1323 2064 sideritis
1341 2013 1451 2063 summa

335 2101 519 2167 bumilitate
548 2098 723 2166 sectemini.
762 2117 861 2184 neque
894 2119 949 2167 nos
979 2105 1105 2167 moueat
1135 2105 1191 2166 aut
1219 2104 1259 2169 ab
1288 2101 1475 2166 imitationes

337 2205 476 2270 dinextat
507 2220 543 2269 ae
571 2203 721 2284 retrabat,
751 2204 878 2269 etiamsi
908 2205 995 2270 uobis
1024 2208 1063 2270 ad
1093 2223 1236 2288 praesens
1263 2203 1391 2270 adonius
1411 2203 1449 2267 rei

336 2308 390 2375 uel
419 2307 496 2373 facti
525 2308 604 2372 ratio
631 2306 682 2371 uel
712 2322 805 2373 cause
834 2324 896 2373 non
918 2306 1045 2391 liqueat,
1070 2306 1144 2390 quia
1165 2326 1227 2384 cor,
1250 2308 1306 2391 qui
1328 2309 1398 2374 benc
1417 2307 1448 2370 de

335 2411 459 2480 cunctis
488 2429 525 2476 ac
554 2408 740 2493 simpliciter
764 2409 907 2476 sentiunt
928 2415 960 2476 et
981 2411 1129 2476 uniuersa
1150 2429 1229 2495 quae
1250 2430 1270 2478 a
1292 2411 1447 2476 senioribus

336 2516 422 2581 tradi
443 2515 551 2598 gerino
564 2512 778 2597 perspexerint
793 2511 927 2580 fideliter
951 2513 1069 2578 imitari
1085 2514 1186 2596 magis
1201 2533 1295 2598 quem
1312 2515 1447 2579 temore

338 2620 479 2694 student,
501 2637 558 2701 per
579 2619 679 2701 operis
701 2617 927 2701 experientiam
943 2615 1037 2682 etiarn
1053 2617 1187 2684 scientia
1202 2637 1306 2683 rerum
1324 2615 1473 2683 omniumr·

306 2721 556 2804 2subseqeetur.
593 2727 732 2786 ceterum
761 2738 931 2802 numquam
961 2719 1114 2786 rationem
1144 2720 1291 2788 ueritatis
1320 2717 1445 2798 intrabit,

337 2827 478 2909 quisquis
499 2843 519 2889 a
540 2825 731 2891 discussione
762 2823 901 2906 cooperit
930 2823 1057 2902 erudiri,
1085 2824 1157 2906 quia
1178 2825 1286 2890 uidens
1308 2843 1376 2890 enm
1395 2820 1445 2886 ini·

337 2928 439 2994 micus
467 2945 523 2994 sno
551 2927 656 3014 potius
688 2947 783 3011 quam
805 2929 932 3009 patrum
955 2927 1067 2992 indicio
1090 2927 1297 2995 confidentem
1319 2926 1402 2994 rectu
1419 2927 1443 2989 in

337 3034 372 3100 id
402 3050 500 3116 usque
528 3031 693 3118 propellet,
722 3037 760 3096 ut
789 3032 883 3098 etiam
913 3031 973 3098 ille
994 3050 1074 3115 quae
1097 3033 1232 3098 maxime
1255 3032 1349 3098 utilia
1367 3032 1444 3112 atque

337 3135 547 3202 saluberrima
575 3140 648 3201 eunt
677 3134 832 3218 superflua
862 3135 890 3200 ei
918 3136 1085 3202 uideantur
1114 3154 1151 3202 ac
1173 3137 1273 3221 noxia,
1304 3138 1392 3218 atque
1410 3132 1470 3196 tue

336 3239 584 3324 praesumptioni
607 3241 673 3305 eius
696 3239 829 3306 callidus
852 3239 951 3306 bostis
973 3239 1104 3321 inludet,
1126 3245 1164 3306 ut
1186 3234 1445 3306 inrationabilibus

336 3342 573 3410 definitionibus
595 3343 659 3408 suia
681 3341 883 3426 pertinaciter
904 3341 1093 3410 inhaerendo
1116 3343 1174 3409 hoe
1195 3341 1384 3409 solummodo
1397 3337 1444 3404 sib'
1513 3401 1514 3430 ,

336 3449 480 3513 sanctum
517 3465 583 3512 esse
619 3447 813 3528 persuadeat,
852 3445 933 3528 quod
969 3452 1092 3513 rectum
1128 3447 1222 3530 etque
1254 3445 1445 3513 iustissimum

337 3568 412 3617 suae
434 3553 559 3616 tanturn
582 3548 802 3616 obstinationis
825 3569 927 3616 errore
950 3552 1116 3619 censuerit.

381 3668 457 3735 1111.
481 3669 689 3751 Quamobrem
713 3669 787 3735 ordo
811 3673 904 3752 etque
925 3671 1112 3756 principium
1127 3669 1329 3754 professionis
1342 3671 1471 3736 nostmee

338 3773 602 3856 quemadmodum
622 3773 674 3838 uel
689 3777 771 3840 unde
787 3775 989 3853 descenderit,
1004 3775 1144 3858 primum
1156 3773 1279 3841 debetis
1293 3787 1447 3859 agnoscam

1512 3924 1513 3994 l

389 4044 615 4115 bexprobrarent
631 4047 662 4102 F
763 4046 934 4117 lquumO
1035 4047 1071 4103 ao
1091 4061 1154 4116 prae
1170 4045 1202 4102 F
1303 4039 1447 4116 experienda

336 4133 368 4188 F
465 4133 499 4186 21
526 4133 700 4204 subsequitur
726 4135 755 4191 R
859 4135 894 4190 dt
917 4133 1047 4204 propellet
1073 4133 1168 4190 ORK:
1197 4131 1327 4203 propellit
1347 4129 1393 4186 ne

335 4219 423 4289 adque
449 4218 506 4275 FB
608 4220 643 4274 ‘ib
670 4219 756 4290 adque
783 4219 838 4276 FB
940 4221 974 4274 26
1001 4219 1216 4290 praesumptione
1242 4217 1274 4273 F
1370 4216 1445 4270 beaw

336 4302 368 4359 F
450 4304 552 4358 inludit
574 4305 668 4371 OK(o)
763 4307 798 4360 27
815 4307 957 4377 perniciter
974 4305 1005 4360 F
1091 4307 1126 4361 28
1143 4305 1229 4375 adque
1246 4303 1274 4360 R
1364 4297 1444 4356 eort-
1511 4310 1512 4380 l

335 4405 389 4461 que
405 4388 462 4446 ΕΒ
564 4391 596 4444 31
616 4390 779 4446 discenderit
796 4393 824 4450 R
