3092 4967
310 440 375 518 m)
701 448 867 501 Iohannis
885 446 1044 501 arserant

308 638 559 722 pronuntiabitur
588 637 732 720 progredi
758 637 798 703 ad
821 639 988 703 erueleiora
1008 653 1072 703 uon
1093 656 1183 723 poree
1204 639 1260 721 qui
1280 656 1345 703 non
1366 639 1430 703 eni·

309 743 387 807 uerit
416 740 565 824 planiora,
596 740 757 821 multoque
784 741 887 805 minue
910 760 946 806 ee
967 759 1047 824 quae
1068 746 1143 806 eunt
1163 742 1356 807 extrineeoue
1378 742 1431 806 ad·

308 845 489 928 prehendet,
520 843 649 925 quisque
681 842 862 928 intellegere
892 862 929 910 ea
956 862 1036 928 quae
1057 845 1118 911 eibi
1139 846 1214 910 eunt
1234 845 1353 909 ineerta
1375 861 1431 909 non

309 948 456 1030 quiuerit.
504 948 662 1013 adiendum
696 952 801 1013 tamen
833 949 954 1030 duplioi
987 951 1075 1015 nobie
1112 948 1228 1014 laboris
1261 948 1431 1013 intentione

307 1054 485 1117 audendum
503 1052 541 1117 in
563 1050 752 1133 expellendis
775 1051 864 1117 uitiie
879 1070 974 1134 qnam
989 1054 1021 1117 in
1037 1051 1209 1117 uirtutibus
1222 1050 1430 1133 adquirendis.
1450 1070 1461 1111 e

309 1158 342 1217 et
371 1154 428 1219 hoo
459 1172 518 1221 non
549 1155 655 1219 nostra
686 1156 826 1235 oapimue
856 1156 1047 1237 oonieotura,
1081 1157 1136 1219 aad
1164 1153 1252 1218 illiue
1276 1153 1432 1217 sententia

310 1260 508 1339 perdocemur
531 1257 585 1338 qui
607 1257 692 1321 solue
715 1257 829 1339 opifioii
852 1259 901 1323 eui
924 1260 1006 1323 uires
1028 1257 1243 1340 rationemque
1265 1257 1430 1340 oognoeoit.

309 1378 412 1438 enee,
451 1360 563 1445 inquit,
602 1360 802 1427 oonetitui
839 1364 877 1425 te
909 1362 1024 1428 hodie
1062 1378 1180 1443 euper
1216 1364 1358 1442 gentes
1396 1364 1431 1424 et

309 1481 424 1545 super
455 1480 590 1548 regna,
613 1468 655 1529 ut
676 1464 844 1545 auelles,
867 1469 906 1530 et
927 1467 1125 1542 destruas,
1149 1466 1189 1529 et
1210 1464 1431 1545 disperdas,

276 1565 349 1630 3et
382 1566 574 1648 dieeipee·‚
609 1570 648 1631 et
679 1566 885 1646 aedilioee,
915 1572 953 1633 et
981 1567 1153 1650 plantes.
1189 1566 1223 1631 in
1257 1564 1462 1648 expulsionem

311 1668 395 1734 enim
425 1670 585 1735 noxiarum
615 1688 718 1735 rerum
741 1674 889 1751 quattuor
911 1690 977 1736 oeae
999 1670 1173 1736 neoeeeeria
1193 1669 1380 1753 denigranit,
1402 1668 1431 1733 id

311 1776 358 1837 eet
386 1774 532 1855 euellere,
565 1773 734 1849 deotmaro,
769 1773 955 1854 disperdere,
989 1774 1149 1855 dieeiparo,
1178 1772 1211 1837 in
1240 1772 1431 1855 perficiendis

259 1892 261 1899 ·
311 1894 385 1941 uero
408 1875 579 1941 uirtutibus
603 1880 635 1941 et
655 1876 705 1941 hie
728 1894 807 1957 quae
829 1880 869 1940 ad
891 1876 1047 1942 iustitiam
1062 1876 1220 1959 pertinent
1234 1874 1431 1957 adquirendis

310 1978 473 2043 aedifioere
506 1978 721 2043 tantummodo
753 1978 848 2059 atque
880 1979 1028 2062 plantare.
1081 1981 1163 2043 unde
1194 1977 1313 2060 liquido
1347 1978 1431 2058 patet
1519 2049 1520 2052 Ἴ

311 2080 471 2146 difficilius
495 2080 626 2143 oonuelli
648 2081 742 2161 atque
763 2080 910 2145 eradioari
941 2081 1067 2146 inolitae
1090 2081 1227 2163 eorporis
1249 2081 1345 2162 atque
1367 2077 1460 2143 ani-a

311 2202 380 2249 mae
402 2184 557 2265 passiones
580 2200 671 2264 quem
695 2181 852 2264 epiritelee
875 2184 976 2248 extrui
999 2182 1196 2265 plantarique
1219 2182 1363 2247 uirtutes.

354 2304 431 2373 1111.
454 2304 539 2369 Haeo
571 2305 666 2387 igitur
698 2297 869 2389 πρακτική,
904 2322 984 2387 quae
1017 2303 1138 2370 dnobus
1170 2308 1208 2369 ut
1237 2303 1358 2367 dietum
1385 2302 1431 2366 eet

311 2408 455 2473 euteietit
480 2408 590 2484 modis,
622 2426 696 2490 erge
718 2410 833 2473 multae
857 2408 1061 2491 professiones
1083 2408 1250 2490 studiaque
1272 2405 1428 2471 diuiditur.

311 2510 436 2594 quidam
468 2510 551 2576 enim
581 2528 736 2575 summam
766 2512 951 2576 intentionis
982 2528 1058 2576 anae
1080 2530 1156 2595 erga
1176 2511 1295 2575 heremi
1316 2513 1429 2574 eeareta

312 2616 344 2677 et
366 2614 465 2678 cordia
495 2613 690 2679 eonstituunt
719 2615 900 2695 puritatem,
931 2615 968 2677 nt
997 2613 1027 2677 in
1052 2611 1233 2694 praeteritis
1254 2612 1380 2678 Heliam
1399 2612 1457 2673 eta

312 2714 492 2780 Helisaeum
522 2716 697 2799 nostrisque
727 2715 920 2797 temporibus
949 2716 1076 2780 beatum
1100 2714 1273 2782 Antonium
1296 2715 1427 2797 alioeqne

312 2817 448 2883 eiusdem
479 2819 630 2901 propoeiti
649 2823 821 2885 aeotatoree
850 2817 1095 2883 familiarissime
1116 2811 1173 2882 deo
1194 2836 1250 2901 per
1271 2818 1426 2882 silentium

281 2920 488 2987 2eolitndmie
512 2921 683 2987 oohaeeieee
705 2922 926 3004 eognoeoimnn
961 2922 1086 3004 quidam
1109 2939 1184 3005 erga
1205 2920 1426 2985 institutionem

312 3024 445 3089 fratrum
474 3029 505 3089 et
535 3026 718 3108 peruigilem
748 3024 963 3091 eoenobiorum
989 3042 1094 3089 euram
1119 3042 1243 3089 omnem
1265 3023 1362 3089 studii
1383 3019 1425 3087 eri

312 3126 554 3193 sollieitudinern
583 3128 776 3204 deriderunt,
806 3130 842 3191 ut
869 3146 966 3208 nuper
996 3126 1141 3192 abbatem
1171 3125 1351 3208 Iohannem,
1379 3124 1456 3208 quia

312 3230 345 3295 in
378 3231 495 3297 uicinia
527 3231 664 3297 oiuitatie
694 3232 744 3297 oni
775 3248 887 3296 nomen
917 3231 966 3295 eet
986 3230 1116 3295 Thmnie
1143 3229 1257 3313 mandi
1287 3228 1424 3295 ooenobio

313 3333 459 3417 praefuit,
489 3351 527 3398 ao
549 3334 712 3401 nonnullae
735 3334 874 3399 eiusdem
901 3333 1006 3399 meriti
1027 3334 1111 3398 niroe
1132 3332 1315 3417 apostolicis
1337 3330 1424 3395 etian

311 3436 410 3519 signia
432 3436 631 3501 meminimus
654 3436 813 3501 claruisse.
853 3435 1002 3519 quosdam
1028 3434 1206 3502 xenodochii
1228 3440 1260 3499 et
1282 3427 1425 3515 ensoepti·

414 3614 431 3668 8
449 3612 564 3669 Hieram.
584 3616 607 3676 1,
627 3613 660 3667 10

363 3774 380 3828 2
402 3776 579 3844 adprehendit
594 3778 654 3830 ΠΤ
752 3778 769 3831 4
787 3780 879 3831 men
895 3780 938 3831 eat
954 3778 999 3832 φο
1100 3775 1204 3845 duplioi
1220 3776 1327 3833 atione
1343 3778 1368 3830 P

311 3860 529 3915 tradendarum
553 3863 706 3918 taminl'o
786 3862 946 3932 diuquidO
1033 3863 1062 3917 11
1076 3864 1229 3931 quatum?
1310 3864 1343 3918 15
1351 3863 1424 3928 atque

313 3946 418 4001 animae
431 3948 569 4015 peeeionee
587 3964 637 4002 om.
655 3949 685 4000 Π
781 3948 864 4002 animi
882 3951 907 4001 l*
1009 3948 1041 4001 ll
1058 3947 1193 4017 l'lparrtrrr
1209 3947 1240 4001 Π
1267 3948 1424 4017 nouem

312 4034 339 4085 ‘l'
422 4034 455 4087 18
471 4034 565 4087 multia
583 4033 622 4085 11¹
707 4034 742 4088 aa
758 4034 801 4104 nt]
819 4037 848 4089 et
865 4037 899 4086 'P'
984 4033 1066 4087 eliam
1083 4034 1110 4087 0
1193 4032 1227 4086 21
1246 4028 1424 4087 lrdmeeul

313 4117 480 4171 remeunt*
502 4116 665 4173 elieeeumO
749 4118 998 4189 alpemiqelemll
1081 4118 1187 4175 enirm⁸
1204 4118 1255 4172 Σν
1338 4115 1423 4171 aeae

312 4202 410 4256 derunt
421 4200 518 4257 mmo
587 4218 672 4272 nuper
683 4202 792 4259 beatum
804 4204 945 4259 iohannem
957 4204 1120 4259 abbatem?
1190 4202 1368 4259 aemma

311 4288 402 4342 uicina
426 4288 457 4340 H
556 4289 677 4345 thumuie
700 4291 728 4343 Σ
755 4292 839 4345 nimie
863 4293 889 4344 l*
914 4291 1032 4346 tlembie
1056 4291 1082 4345 0
1188 4290 1313 4345 metio
1337 4289 1365 4342 Σ

311 4376 346 4429 27
365 4376 421 4430 eine
437 4377 468 4428 Π
567 4378 602 4432 28
619 4378 755 4434 xenodocii
773 4380 802 4431 Σ
808 4378 834 4432 Ο
933 4381 963 4435 et
979 4378 1155 4449 meoeptionia
1172 4394 1224 4433 ora.
1242 4379 1268 4430 Τ
