3092 4967
528 456 688 514 conlatio
709 458 762 523 111.
780 456 857 512 7-2
1217 456 1259 522 79

135 646 224 714 uitiis
245 644 389 730 pristinis
412 646 562 726 inuoluto,
589 664 623 713 eu
642 648 722 731 quod
737 646 913 729 simpliesm
928 648 1136 715 substantiam
1150 648 1259 714 mnndi

132 750 227 817 huius
247 750 368 836 primae
389 750 598 816 uenusrsienis
620 749 740 817 feruere
768 751 978 834 eontemnens,
1001 766 1082 833 quae
1102 768 1159 816 nee
1179 752 1260 817 tona

130 871 196 919 eme
218 870 275 919 nee
289 852 382 933 mala,
397 853 452 919 sed
466 852 571 919 media
584 853 741 933 delinitur,
756 853 865 921 uitiosi
881 852 984 920 uurdis
1000 854 1106 921 nemas
1120 852 1257 919 laenita-

131 962 178 1022 tes
215 955 363 1022 similiter
399 955 520 1022 abiuere
555 973 617 1021 nun
650 958 786 1023 enrarinr
816 974 874 1024 neu
909 955 1030 1043 adtingi
1067 954 1256 1023 dominicam

111 1058 309 1138 seriptum,
343 1076 421 1142 quae
453 1058 628 1143 patiens,
656 1078 734 1142 quae
764 1059 936 1145 benigna
968 1062 1046 1144 eet,
1078 1077 1156 1144 quae
1182 1076 1256 1126 nun

132 1163 373 1245 aemulatur,
405 1179 478 1228 nen
505 1162 692 1241 inflatur,
726 1181 801 1229 nun
828 1163 1039 1247 inritatur,
1068 1175 1140 1229 nen
1169 1161 1257 1247 agit

131 1282 352 1349 perperam,
381 1282 453 1331 nun
481 1265 637 1347 quaerit
667 1282 763 1348 qnae
785 1284 853 1332 sna
874 1267 985 1347 sunt,
1007 1282 1080 1332 nen
1101 1266 1256 1349 eogitat

131 1369 293 1445 malurn,
316 1385 395 1450 quae
416 1368 543 1435 omnin
565 1368 727 1449 suffert,
744 1370 872 1435 emnia
892 1368 1082 1448 sustinet,
1097 1371 1255 1450 pestremo
1348 1357 1351 1364 “

133 1490 210 1555 quas
237 1472 422 1538 sectatorem
450 1490 542 1538 sunm
571 1489 740 1555 numquam
769 1473 878 1539 uadem
904 1472 981 1539 sinit
1004 1470 1256 1555 subplantatiene

102 1574 263 1657 repedasti.

174 1710 264 1777 VIII.
292 1712 452 1779 Festinsre
480 1712 577 1797 igitur
608 1713 692 1778 omni
715 1714 862 1779 debemus
885 1712 1044 1789 instantia,
1067 1712 1105 1777 nt
1124 1710 1255 1777 interior

133 1833 254 1898 queque
277 1817 382 1880 nester
403 1814 494 1881 hume
516 1816 666 1882 uitiorum
681 1833 807 1882 suorum
822 1814 951 1881 diuitias
967 1833 1042 1900 quas
1056 1814 1090 1880 in
1105 1814 1257 1881 anteriore

134 1918 366 1983 ueuuersatiune
389 1918 542 1985 contraxit
556 1921 716 1987 uniuersas
732 1918 849 1985 abiuiat
863 1922 957 2003 atque
972 1919 1139 2003 dispergat.
1177 1935 1256 1999 qnae

134 2021 252 2105 uorpuri
275 2024 368 2104 atque
390 2021 513 2087 animae
528 2022 644 2105 iugiter
659 2022 858 2089 uehaerentes
872 2022 1018 2105 propriae
1034 2023 1157 2087 nestrae
1172 2023 1255 2105 sunt,

101 2142 169 2193 rrae
189 2124 254 2189 niei
276 2124 377 2191 edhnu
398 2124 431 2191 in
454 2125 510 2192 hee
531 2142 655 2209 torpere
678 2126 856 2193 constitutis
878 2124 967 2190 nubis
983 2124 1121 2190 abiectas
1136 2123 1255 2191 ineunt

133 2230 165 2293 et
186 2226 335 2307 abscisae,
358 2229 428 2310 post
449 2246 606 2294 excessum
629 2245 684 2293 nes
700 2246 760 2294 nen
777 2229 918 2294 desinent
933 2227 1082 2293 semitari.
1117 2231 1154 2292 ut
1169 2226 1255 2293 enim

131 2330 266 2397 uirtutes
287 2330 340 2395 uel
361 2330 429 2413 ipsa
450 2330 571 2411 mritis,
595 2348 674 2413 quae
696 2348 804 2396 uarum
824 2330 893 2397 iens
916 2331 973 2412 est,
996 2330 1028 2395 in
1050 2329 1108 2395 hee
1130 2328 1254 2395 saeeuiu

133 2432 311 2518 eunqnisita
330 2436 403 2515 post
423 2430 519 2499 linem
541 2450 661 2518 queque
675 2434 766 2499 huius
781 2432 865 2499 uitae
880 2432 1046 2518 pulehrum
1064 2449 1102 2498 ae
1116 2430 1254 2515 splendi-

132 2536 205 2603 dum
239 2540 413 2603 amatorem
445 2555 536 2602 snum
569 2536 684 2616 reddit,
718 2536 764 2601 ita
793 2537 873 2602 uitia
901 2536 941 2602 ad
970 2534 1059 2601 illam
1088 2552 1253 2618 paronnam

101 2638 407 2706 suemmoratienem
439 2640 632 2706 obfuscatam
669 2642 807 2705 mentem
839 2638 1065 2724 quodammode
1098 2637 1254 2705 uuluribns

133 2744 242 2808 taetris
272 2740 481 2825 infectamque
513 2742 741 2809 transmittunt.
778 2742 977 2825 pulchritudo
1005 2740 1089 2806 enim
1122 2741 1173 2807 uel
1200 2742 1286 2809 de·2

132 2844 276 2910 formitas
297 2846 419 2911 animae
440 2844 597 2911 uirtutum
618 2864 672 2910 sen
699 2842 848 2910 uitiorum
870 2843 1011 2927 gignitur
1032 2844 1194 2926 qualitate,
1218 2863 1256 2909 ex

133 2950 245 3032 quibua
268 2946 396 3032 qnidam
417 2946 577 3013 adtractus
604 2949 688 3013 euleu
709 2948 765 3014 aut
785 2947 833 3012 ita
847 2964 916 3013 eam
932 2948 1126 3030 splendidam
1141 2946 1254 3021 reddit,

133 3056 166 3118 nt
189 3072 209 3118 a
229 3051 382 3136 propheta
402 3057 558 3119 mereatur
579 3052 699 3118 andire:
724 3052 764 3118 et
785 3052 1040 3136 uonenpisuet
1061 3069 1124 3115 rex
1145 3049 1254 3115 deeu-

101 3174 212 3220 nrem
239 3159 365 3234 tuum,
395 3158 450 3221 aut
476 3154 559 3221 uerte
582 3157 692 3232 atram,
717 3154 869 3220 laetitiam
891 3159 985 3237 atque
1006 3153 1185 3232 deformem,
1208 3154 1255 3218 ita

133 3258 169 3323 ut
196 3257 347 3323 faetorem
380 3258 522 3342 propriae
555 3256 759 3341 turpitudinis
789 3260 856 3342 ipsa
883 3256 1066 3323 confiteatur
1092 3256 1124 3320 et
1149 3254 1253 3321 diust:

234 3477 283 3532 51
302 3478 360 3533 Cer.
381 3478 421 3543 18,
439 3476 507 3531 4-‘1
609 3476 644 3531 24
661 3476 705 3533 Ps.
722 3478 765 3543 44,
782 3476 817 3530 12

184 3684 200 3737 1
218 3682 406 3739 huiusmnndi
423 3682 455 3737 1>
539 3663 675 3752 aprinae
691 3683 791 3752 primae
811 3683 850 3738 W
932 3682 1187 3739 aennersationisO

134 3769 150 3822 3
167 3767 293 3823 difinitur
308 3766 350 3824 D¹
451 3768 606 3825 4unrarem
623 3767 694 3823 ΒΨ
790 3768 929 3838 adtingere
946 3768 1027 3837 Dte)
1130 3769 1164 3823 11
1182 3767 1255 3825 omni

135 3869 183 3909 ear.
205 3854 254 3910 W¹
355 3853 511 3910 istantiaO
613 3855 647 3909 12
663 3869 730 3924 qnae
748 3869 799 3910 our.
820 3854 869 3910 W¹
971 3855 1005 3909 14
1022 3870 1128 3925 surpere
1144 3854 1184 3910 D¹
1533 3879 1534 3930 q

134 3940 307 4009 proterentes
326 3939 349 3996 0
425 3940 533 4011 proprie
553 3940 607 3997 002
624 3940 718 4008 aeden
730 3944 787 4006 §.3
872 3942 905 3997 15
921 3942 962 4011 aa]
974 3940 1026 3997 luae
1041 3940 1072 3996 D
1157 3942 1190 3997 16
1207 3941 1255 3995 ab·
1532 3991 1533 3994 ,

135 4026 214 4081 reim
241 4024 264 4081 0
366 4025 399 4080 18
421 4025 541 4096 pnlernm
567 4025 590 4082 0
690 4025 740 4081 hae
762 4025 823 4082 WO
923 4026 956 4081 21
979 4027 1059 4083 tetris
1076 4026 1188 4083 DOPX

135 4110 286 4180 pulcritudo
308 4109 367 4167 WO
466 4110 500 4167 22
517 4128 548 4167 er
565 4111 659 4168 orreO
759 4112 794 4167 23
817 4111 906 4166 reddit
922 4112 995 4169 D'e:
1023 4112 1119 4167 reddet
1134 4111 1255 4169 D¹W0¹

137 4196 183 4251 Pr
209 4196 304 4252 reddat
322 4196 389 4253 0²x
489 4197 524 4252 24
540 4214 556 4253 a
573 4198 667 4254 eru-O
765 4196 868 4268 profete
883 4198 925 4253 11¹
955 4198 1059 4267 profeta
1075 4198 1188 4255 D’WX

137 4283 299 4353 uenunpiaeit
314 4282 356 4338 D²
384 4282 593 4352 eoncupissetO
676 4282 710 4339 us
727 4284 793 4338 suta
809 4282 840 4339 D
867 4285 965 4339 tetram
982 4284 1011 4339 P
1094 4287 1122 4339 et
1139 4284 1253 4341 ietidm

138 4366 165 4422 0
189 4368 315 4424 foetidam
335 4368 363 4423 P
390 4368 499 4423 fetidam
517 4368 548 4423 X
649 4368 811 4425 diluturum
827 4369 925 4426 D¹0x
953 4371 1079 4425 duetorem
1096 4370 1124 4425 P
