3092 4967
323 408 364 475 68
708 410 875 465 Iohannis
900 412 1057 467 Cassiani

323 596 500 680 reportabat
514 598 553 663 ed
569 596 689 678 cellam,
705 617 837 681 cumque
851 600 1089 682 nonagenariam
1104 599 1283 665 οιοοοοίοοοο
1296 601 1445 681 aetatem,
1531 657 1535 712 1

292 706 492 781 2οοωοιιοιο
523 718 632 783 passm
663 702 711 765 eet
737 720 804 767 eam
834 703 988 768 iuniorum
1011 701 1072 768 sibi
1094 700 1200 767 labore
1229 702 1353 767 deferri.
1393 703 1445 768 hic
1531 715 1535 757 ÷

324 802 427 885 itaquo
450 803 489 868 eb
512 802 720 869 adnleseentia
741 822 800 869 sua
820 804 912 870 acolio
930 803 1147 869 coenobiorum
1168 807 1257 871 tanto
1278 804 1388 871 ardore
1409 825 1443 871 sc

324 904 463 981 tradidit,
485 906 523 971 ut
544 907 577 973 in
599 906 642 986 eis
664 924 760 989 paruo
786 912 923 990 tompore
944 908 1143 973 conmoratus
1159 907 1227 973 tam
1241 906 1443 974 subiectionis

325 1010 402 1073 bono
432 1025 526 1089 quam
555 1008 771 1075 uniuersarnm
801 1010 955 1073 uirtutum
984 1007 1116 1075 scientia
1142 1009 1261 1091 pariter
1281 1009 1475 1078 ditaretur.»

324 1110 511 1177 humilitatis
545 1126 681 1193 namque
713 1112 746 1175 ot
779 1110 991 1177 oboedientiae
1028 1108 1190 1193 disciplina
1225 1126 1332 1177 omues
1370 1130 1444 1178 suaa

323 1212 512 1279 mortificans
542 1214 720 1279 uoluntates
750 1213 783 1277 et
813 1231 866 1294 per
896 1212 976 1278 hano
1007 1211 1152 1277 extinctis
1178 1212 1331 1279 uniuersis
1355 1212 1445 1278 uitiis

323 1316 502 1398 cunctisque
524 1316 693 1384 uirtutibus
715 1316 949 1397 consummatis,
971 1333 1048 1398 quas
1070 1315 1326 1381 monasteriorum
1349 1317 1443 1382 iusti·

323 1422 391 1483 tuta
406 1417 456 1483 uel
470 1418 756 1501 antiquissimorum
773 1419 901 1501 petrum
917 1416 1057 1484 doctriua
1071 1416 1227 1493 fundauit,
1250 1418 1442 1484 sublimioris

322 1521 480 1603 profectus
502 1521 610 1587 ardore
632 1537 797 1587 succensus
819 1519 937 1587 heremi
956 1518 1118 1587 destinauit
1133 1522 1295 1601 penetrare
1309 1523 1477 1605 secretam·

323 1628 358 1688 ut
380 1624 512 1703 domiuo,
535 1626 583 1690 cni
605 1626 688 1689 iuter
709 1623 843 1692 fratrum
863 1624 973 1691 turbas
995 1622 1115 1707 positus
1134 1622 1262 1689 sitiebat
1284 1624 1443 1707 insepara-

323 1727 428 1794 biliter
454 1726 623 1805 inhaerere,
654 1726 740 1793 nullo
762 1726 905 1808 deinceps
927 1724 1061 1791 hnmano
1084 1725 1238 1791 consortio
1259 1726 1444 1796 retrahente

293 1830 447 1896 eraclius
481 1831 631 1896 uniretur.
668 1828 723 1893 nbi
756 1847 878 1893 rursum
911 1829 999 1895 tauto
1028 1828 1150 1893 feruore
1179 1827 1276 1893 etiam
1303 1830 1443 1911 ipsorum

323 1933 578 2000 anachoretarum
605 1932 739 1997 uirtutes
768 1950 917 2013 superans
939 1930 1090 1997 desiderio
1110 1932 1143 1995 ot
1162 1929 1338 1995 intentione
1359 1931 1443 2016 iugis

322 2055 359 2102 ac
395 2034 517 2102 diuinae
558 2034 644 2101 illius
686 2032 825 2100 theoriae
870 2038 1051 2100 cunctorum
1088 2032 1251 2100 deuitabat
1287 2038 1480 2118 aspectuum

322 2140 459 2205 nastiora
482 2139 514 2204 et
535 2137 760 2205 inaccessibilia
787 2136 965 2203 solitudinis
993 2138 1159 2219 penetrans
1189 2136 1257 2201 loce
1280 2136 1444 2220 multoque

321 2242 355 2306 iu
387 2240 431 2305 eis
463 2242 601 2323 tempore
634 2240 831 2323 delitescens,
864 2241 902 2305 ut
930 2238 969 2305 ab
1000 2238 1077 2321 ipsis
1106 2257 1228 2322 quoque
1248 2239 1446 2305 anachoretis

322 2342 489 2409 difficulter
512 2361 548 2407 nc
569 2342 728 2410 rarissimo
759 2342 966 2427 deprehensns
989 2342 1171 2426 angelornm
1192 2340 1346 2408 cotidiano
1369 2360 1443 2409 con·

322 2447 418 2513 rortio
440 2446 587 2511 delectari
609 2463 645 2511 sc
665 2445 783 2529 pertrui
804 2444 987 2524 crederetur,
1012 2447 1105 2527 atque
1126 2444 1156 2510 ei
1177 2442 1290 2510 merito
1312 2444 1445 2510 uirtutis

322 2550 413 2615 huius
437 2547 475 2614 ab
497 2548 575 2633 ipsis
597 2547 731 2614 inditum
758 2546 854 2614 inerit
874 2546 990 2613 Bubali
1013 2550 1260 2631 cognomentum.
1452 2580 1481 2621 so

364 2686 405 2751 Il.
427 2684 531 2754 Huius
552 2685 650 2769 igitur
671 2684 852 2769 magisterio
874 2682 1000 2751 institui
1022 2684 1189 2765 cupientes,
1214 2684 1443 2767 cogitationum
1539 2667 1541 2742 l

322 2787 419 2853 etiem
448 2787 585 2861 stimulis
615 2786 727 2871 agitati
749 2790 788 2855 ed
811 2786 924 2854 cellam
952 2789 1018 2853 cius
1047 2787 1109 2855 iam
1140 2786 1189 2852 dis
1215 2786 1444 2868 aduesperautc

321 2891 527 2975 perronium.
559 2890 613 2973 qui
634 2890 741 2955 habito
763 2889 991 2972 aliquantisper
1012 2888 1137 2957 silentio
1160 2907 1231 2955 cum
1246 2889 1444 2972 propositum

322 2996 463 3069 nostrum
495 2991 670 3076 praedicere
703 2991 863 3075 coepisset,
901 2995 980 3075 quod
1018 2990 1138 3059 scilicet
1170 2991 1307 3075 patriam
1344 2988 1445 3058 relin-
1539 2939 1540 3026 l

322 3097 450 3178 quantes
474 3096 521 3160 tot
542 3093 710 3178 prouinciis
731 3112 787 3177 pro
802 3110 906 3162 amore
923 3092 1041 3161 domiui
1055 3092 1253 3177 perlustratis
1267 3096 1483 3177 egeststcmrs

322 3215 359 3265 ao
380 3197 562 3267 caucum
585 3196 700 3269 heremi
716 3194 849 3264 tolerare
864 3200 896 3260 et
911 3195 1030 3264 imitari
1046 3195 1179 3279 rigorem
1195 3194 1445 3270 conuersationis

322 3299 447 3366 illorum
476 3300 563 3364 tauto
591 3316 682 3382 opere
711 3298 891 3383 niteremur,
922 3316 1014 3381 quem
1042 3298 1095 3362 uin
1117 3296 1177 3379 ipsi
1199 3297 1253 3379 qui
1274 3296 1308 3361 iu
1330 3298 1445 3364 eadem

374 3643 387 3695 1
412 3638 586 3707 qumquoo
686 3639 811 3707 nonagin.
835 3638 882 3697 W¹
982 3637 1119 3693 totalem
1135 3636 1217 3692 D⁸X¹
1318 3637 1336 3691 3
1354 3638 1450 3695 aduli-

322 3726 409 3781 ceutia
432 3723 475 3779 D¹
575 3723 674 3780 scholis
701 3724 725 3779 0
824 3724 843 3779 4
869 3722 988 3780 tradedit
1014 3723 1054 3778 D¹
1155 3721 1321 3783 doeimttac
1343 3722 1373 3778 D

321 3810 458 3866 couneus
474 3809 505 3865 D
599 3810 739 3866 institutio
761 3810 800 3867 W
899 3810 932 3866 10
947 3808 1082 3878 penitusne
1102 3808 1150 3868 W¹
1252 3809 1283 3867 ll
1301 3806 1448 3867 dominam

326 3896 361 3951 W
461 3893 555 3951 turbes
577 3894 695 3951 lustrum
717 3894 747 3950 D
853 3895 886 3950 14
908 3894 1057 3951 anachorit.
1083 3892 1161 3951 17¹1)
1186 3896 1320 3954 anscoret
1348 3893 1373 3949 0

320 3982 393 4051 iugis
411 3980 436 4048 (a
453 3982 534 4047 ονοο.)
557 3980 595 4035 W
683 3981 716 4036 16
732 3982 871 4051 pouitnsns
894 3981 940 4042 17ι
1026 3981 1084 4047 lece
1099 3979 1141 4035 D¹
1233 3980 1264 4035 11
1281 3978 1450 4037 delitescens

326 4066 374 4121 W:
403 4064 555 4123 delitiscens
577 4067 637 4123 rell.
739 4067 902 4124 anachoritis
924 4066 990 4121 PX¹
1095 4065 1128 4119 18
1149 4064 1296 4121 cottidiano
1314 4065 1373 4121 DP

322 4150 355 4204 19
377 4148 462 4218 adque
484 4150 527 4207 D·
636 4150 672 4207 00
694 4150 783 4209 cotan
806 4152 835 4207 P
939 4150 1092 4212 21DWO
1114 4166 1173 4207 orosa
1193 4149 1372 4223 didimeam

319 4233 482 4303 mtgcstsrio
499 4234 544 4293 W¹
627 4236 663 4294 04
674 4235 765 4305 quoO
853 4235 1042 4305 repropinata
1056 4238 1096 4293 W
1178 4236 1212 4293 26
1229 4238 1450 4295 commotionis

319 4320 434 4389 rigorem
452 4318 482 4375 D
583 4320 616 4375 27
638 4324 715 4379 tanto
733 4336 809 4391 opere
831 4320 868 4377 02
896 4324 1048 4391 untoopero
1063 4322 1095 4377 D
1123 4325 1261 4393 tantopore
1276 4323 1335 4379 rell.
