3092 4967
285 458 348 525 258
671 456 837 511 Iohannis
860 456 1022 517 Cassiani

329 647 401 715 VH.
424 664 625 713 sumnus:
649 647 776 713 Vtinam
800 648 896 713 simili
910 650 1001 715 modo
1017 646 1110 729 atque
1126 646 1233 712 sallem
1249 644 1401 725 fetante,
1517 632 1518 637 ’

285 770 347 834 qua
375 750 495 816 semina
522 749 710 833 spiritalium
738 750 964 834 cogitationum
996 752 1180 833 plerumque
1210 749 1402 833 mneipimus,
1518 766 1519 769 ’

286 855 382 920 stiam
411 854 655 939 perpetuitatem
687 872 794 919 aarum
827 853 987 937 possidere
1019 853 1186 937 possimos.
1223 871 1296 918 eum
1330 854 1404 919 eninr
1517 851 1518 855 ’

285 958 403 1023 fuerint
424 959 490 1023 sine
511 976 565 1041 per
579 956 763 1022 memoriam
785 958 1012 1039 seripturarum
1028 975 1082 1022 ssu
1098 974 1153 1039 per
1168 956 1405 1022 recordationem

285 1060 477 1145 spiritalium
505 1078 696 1144 quorumque
723 1061 852 1127 aotunm
882 1063 933 1127 uel
955 1064 1037 1127 eerts
1059 1079 1115 1143 per
1136 1060 1289 1126 intuitum
1310 1079 1432 1127 saera-s

286 1168 463 1230 mentorum
486 1166 666 1231 easlsstium
692 1167 798 1231 nostro
821 1164 912 1231 eorde
934 1166 1112 1247 oonosptae,
1142 1164 1316 1230 insensibili
1339 1182 1406 1246 qua-

257 1269 358 1338 2dam
381 1269 457 1353 fuga
469 1270 577 1353 lapsae
591 1267 775 1350 quantocius
790 1270 989 1334 ananesount.
1018 1285 1149 1350 eumque
1166 1266 1243 1333 alias
1258 1266 1408 1351 quaslibet

285 1373 461 1439 ooeasionss
482 1370 677 1455 spiritalium
699 1387 847 1436 sensnum
869 1389 957 1436 mens
980 1374 1086 1437 nostra
1107 1371 1287 1454 reppererit,
1307 1388 1406 1437 rursus

287 1476 358 1542 aliis
373 1473 588 1558 inrepentibus
602 1475 688 1556 ipsas
703 1492 825 1559 quoque
840 1492 918 1557 quus
933 1473 1142 1557 adprehensae
1157 1474 1281 1539 fuerant
1292 1474 1408 1541 lubrioo

286 1579 485 1647 uolubilitats
507 1578 688 1662 diffugiunt,
715 1579 762 1643 ita
783 1581 820 1643 ut
842 1578 963 1643 nullam
986 1580 1193 1644 mustantiam
1215 1581 1264 1643 sui
1279 1580 1435 1645 rotinense

286 1683 410 1749 animus
433 1701 489 1748 nse
504 1683 661 1764 potestate
674 1682 800 1764 propria
814 1685 996 1748 sanotarnm
1013 1682 1239 1765 eogitationum
1254 1683 1408 1765 possidens

286 1786 468 1852 firmitatem
496 1787 592 1853 etism
620 1787 705 1865 tuno,
735 1802 808 1850 eum
837 1804 889 1851 sas
916 1786 1043 1852 uidetur
1075 1789 1246 1869 utcumque
1274 1787 1408 1867 retinere,

287 1888 417 1957 fortuito
445 1890 519 1956 illas
547 1892 579 1954 st
607 1908 668 1956 non
695 1891 734 1955 de
761 1889 918 1955 industria
946 1890 1121 1973 eonoepisss
1147 1890 1301 1957 eradatur.
1340 1909 1410 1974 quo·

288 1992 379 2059 modo
401 1994 485 2058 enim
507 1994 592 2059 ortus
608 2011 716 2058 aarum
730 1996 837 2059 nostro
853 1993 983 2059 arbitrio
997 1992 1163 2076 putabitur
1179 1993 1409 2069 adscribendus,

258 2100 419 2179 aquarum
442 2098 676 2184 perseuerantia
697 2116 758 2163 non
780 2098 927 2164 eonsiatit
948 2098 982 2163 in
1003 2097 1116 2165 nobie?
1137 2098 1192 2163 ssd
1206 2116 1246 2165 ns
1260 2099 1341 2163 forte
1356 2098 1438 2163 suto

289 2201 380 2266 huius
402 2202 590 2284 quaestionis
612 2201 760 2285 indagine
782 2222 801 2268 a
823 2206 930 2286 eospto
953 2200 1144 2267 narrationis
1167 2201 1276 2268 ordine
1292 2202 1410 2287 longius

289 2306 459 2389 surgentes
481 2307 702 2388 expositionem
717 2304 910 2389 propositum
924 2324 1017 2388 snper
1032 2306 1181 2371 orationis
1197 2306 1285 2372 statu
1300 2307 1411 2371 diutius

288 2410 490 2487 retardemus,
514 2424 570 2472 suo
586 2407 666 2473 hane
680 2408 815 2491 tempori
833 2408 1028 2473 reseruantes
1044 2408 1083 2473 de
1098 2408 1254 2491 qualitate
1269 2407 1412 2475 orationis

288 2512 517 2578 instantissime
539 2530 726 2594 quaesumus
748 2511 921 2591 informari,
945 2511 1131 2594 praesertim
1146 2526 1218 2577 oum
1233 2511 1319 2578 nullo
1333 2513 1411 2577 tam·

288 2634 364 2697 pors
386 2633 442 2679 nos
464 2615 504 2681 ab
527 2631 563 2679 sa
585 2632 707 2680 osseam
728 2614 842 2680 beatus
863 2616 1022 2700 apostolus
1046 2618 1172 2682 moneat
1186 2616 1307 2681 disens:
1330 2616 1441 2681 sinen

259 2716 592 2787 4intsrmissions
619 2720 738 2785 orato.
775 2721 807 2785 et
835 2719 904 2785 ideo
932 2719 1070 2801 primum
1098 2721 1137 2784 de
1168 2720 1322 2803 qualitate
1348 2718 1412 2785 sius

291 2821 500 2886 desideramus
523 2821 658 2901 institui,
684 2822 718 2887 id
740 2824 789 2887 est
803 2822 906 2905 qualis
922 2823 1034 2887 debeat
1049 2822 1154 2888 emitti
1169 2840 1294 2905 semper
1307 2824 1412 2901 oratio,

291 2925 400 2990 deinde
429 2925 563 3008 qualiter
590 2925 671 2991 hano
698 2926 830 2991 eundem
860 2944 1075 3007 quaecumque
1104 2929 1153 2990 est
1181 2926 1336 3008 possidere
1365 2924 1413 2991 uel

290 3046 429 3093 exsroers
452 3027 518 3093 sine
540 3027 771 3114 intermissione
801 3030 966 3112 possimus.
1003 3046 1065 3094 non
1091 3030 1176 3093 enim
1198 3048 1296 3111 parua
1317 3028 1414 3095 sordis

291 3132 462 3198 intentione
483 3150 553 3197 sam
574 3130 681 3216 perfici
701 3150 792 3214 posse
816 3136 847 3197 et
869 3132 1061 3216 experientia
1084 3132 1241 3199 cotidiana
1263 3137 1294 3198 st
1309 3150 1444 3217 prose-ss

291 3236 374 3300 eutio
402 3238 474 3300 tuas
503 3235 683 3301 sanotitatis
709 3234 855 3315 ostendit,
886 3254 948 3319 qua
975 3235 1069 3303 finem
1096 3234 1242 3301 monaehi
1263 3254 1299 3302 oe
1320 3234 1415 3301 totius

393 3439 460 3494 201
478 3438 569 3494 Thess.
587 3442 614 3508 d,
633 3440 665 3493 17

345 3628 358 3680 1
384 3626 471 3696 adque
493 3626 569 3683 VOP
669 3628 687 3681 2
711 3628 809 3681 simina
826 3627 867 3682 D¹
969 3642 1074 3696 oonosp.
1091 3627 1136 3682 D¹
1237 3628 1415 3697 3psrpstuet.

292 3713 334 3768 12¹
432 3729 569 3782 possemus
595 3714 685 3770 D¹Ou
780 3716 799 3769 4
824 3714 916 3770 eoribt.
947 3714 1038 3770 VWO
1139 3716 1156 3769 5
1183 3730 1298 3784 qnorum
1324 3715 1351 3770 D

293 3800 309 3853 7
334 3800 401 3869 fuga
426 3799 542 3869 quedam
568 3800 641 3858 DW
764 3800 855 3856 labsae
885 3802 925 3858 W
1043 3804 1199 3870 quantotius
1229 3800 1353 3858 VDWX

292 3884 310 3939 8
337 3886 496 3939 ooeassionss
524 3885 550 3939 V
575 3887 742 3941 oeeansionas
765 3887 796 3942 D
898 3888 1025 3957 repererit
1052 3888 1084 3942 X
1184 3888 1219 3943 13
1242 3886 1356 3941 fortuitu
1383 3882 1418 3939 V*

295 3971 344 4027 ΟΡ
372 3971 489 4027 furtuito
515 3974 546 4029 D
682 3974 826 4044 oonoipisse
857 3974 893 4029 V¹
1029 3974 1062 4029 14
1087 3978 1149 4028 santi
1176 3990 1211 4030 ee
1237 3976 1299 4027 aerii
1333 3970 1356 4027 V

294 4058 327 4113 15
349 4074 404 4113 nun
433 4058 469 4112 V¹
571 4059 651 4114 nubis
678 4059 713 4113 V¹
816 4060 849 4114 16
872 4062 982 4129 aespto
1006 4059 1138 4117 VW‘OX
1166 4064 1275 4129 aooepto
1297 4056 1420 4115 D¹W¹P

294 4142 329 4197 ab
346 4146 421 4212 ospto
440 4144 484 4199 D¹
580 4146 613 4199 18
631 4148 749 4213 tempore
767 4144 868 4202 DWP
965 4146 998 4200 19
1015 4146 1168 4214 prassirtim
1191 4144 1226 4201 V¹
1323 4143 1355 4198 eo
1370 4140 1418 4196 ed·

293 4236 402 4285 moneat
418 4230 449 4285 D
534 4230 620 4286 dioinr
641 4230 676 4286 V·
762 4231 796 4285 21
815 4232 848 4286 de
866 4247 916 4287 om.
933 4230 964 4286 D
1049 4228 1350 4286 renumeraret*

293 4316 328 4371 at
354 4320 382 4371 et
407 4332 459 4372 om.
488 4316 511 4372 0
613 4317 710 4373 aottid.
738 4316 769 4371 D
871 4318 1045 4387 prosequutio
1077 4317 1100 4372 0
1203 4316 1237 4371 26
1260 4312 1352 4371 tnaV

294 4403 471 4458 metititetis
494 4404 533 4460 W
629 4408 683 4473 qut
699 4403 730 4459 D
755 4419 807 4474 quo
826 4404 849 4460 0
