3092 4967
525 472 684 528 Conlatio
704 471 762 536 XV,
780 470 856 526 2-3.
1192 473 1255 540 Q

123 665 282 731 uorsionis
304 665 489 748 grauissime
510 663 728 738 mouebantur,
744 663 855 728 beatus
871 662 1037 741 Macarius,
1055 669 1091 728 ut
1106 663 1257 745 simplici·

123 773 227 836 tatem
273 771 370 835 totius
416 767 555 851 Aegypti
592 768 632 832 ab
668 767 864 833 infidelitatis
901 767 1063 850 naufragio
1100 766 1256 845 liberaret,

123 874 266 941 aduenit.
305 891 397 955 quem
420 890 491 936 cum
513 871 688 936 haereticus
703 873 770 934 arte
787 870 952 936 dialectica
966 870 1077 936 inisset
1093 871 1288 954 sdgressus2

122 983 153 1044 st
175 979 219 1044 ad
244 976 462 1043 Aristotelicas
484 975 680 1058 ignorantem
709 974 816 1058 spinas
839 974 938 1040 uellet
959 975 1118 1053 abducere,
1141 973 1254 1040 beatus

101 1083 283 1149 ellaearius
298 1081 468 1164 apostolica
477 1078 715 1160 multiloquium
726 1078 793 1143 eius
804 1077 959 1144 breuitate
972 1079 1167 1158 concludens,
1182 1097 1256 1143 uon

120 1188 195 1265 est,
214 1185 330 1267 inquit,
349 1187 389 1250 in
407 1184 523 1250 uerbo
541 1201 702 1266 regnum
719 1184 798 1265 dei,
821 1182 942 1249 sedin
960 1184 1125 1250 uirtute:
1150 1199 1255 1248 eamus

119 1289 224 1372 igitur
260 1291 300 1353 ad
331 1287 497 1370 sepulchra
526 1291 558 1350 et
587 1304 701 1352 nomen
733 1285 854 1352 domini
886 1304 979 1368 super
1011 1287 1170 1352 mortuum
1200 1285 1254 1368 qui

118 1392 245 1474 primus
289 1391 438 1456 inuentus
474 1389 571 1454 fuerit
606 1389 789 1454 inuooemus
826 1407 862 1454 ac
897 1389 981 1455 sieut
1017 1391 1170 1472 scriptum
1208 1389 1257 1454 est

120 1495 329 1561 ostendemus
362 1513 399 1559 ex
431 1492 574 1576 operibus
610 1491 703 1557 tidem
741 1495 893 1576 nostram,
930 1494 967 1558 ut
999 1492 1257 1558 manifestissima

90 1601 227 1664 erectae
261 1597 335 1663 fidei
367 1595 555 1661 documenta
588 1595 655 1660 eins
687 1595 870 1660 testimonio
899 1595 1097 1664 declarentur
1124 1601 1157 1660 et
1184 1614 1254 1677 per·

119 1705 267 1786 spicuam
302 1700 471 1765 ueritatem
508 1715 570 1763 non
606 1698 694 1763 inani
737 1697 946 1780 disputatione
989 1699 1165 1777 uerborum,
1202 1699 1257 1764 sed

120 1808 246 1872 uirtute
267 1804 432 1889 signorum
453 1805 486 1868 et
505 1803 565 1868 illo
585 1803 668 1884 quod
689 1820 752 1868 non
778 1806 881 1884 potest
902 1803 972 1869 falli
994 1801 1110 1869 indicio
1126 1819 1256 1885 conpro-

121 1912 245 1976 bemus.
284 1927 345 1990 quo
361 1907 469 1993 audito
483 1908 660 1972 haereticus
678 1923 783 1972 coram
805 1907 1021 1973 circumstanti
1036 1907 1126 1988 plebe
1140 1906 1286 1988 puderet

122 2013 317 2078 constrictus
339 2030 412 2077 cum
433 2011 639 2093 adpraesens
661 2010 811 2091 praebere
833 2029 867 2075 se
889 2011 1062 2076 condicioni
1079 2009 1256 2093 propositae

89 2115 312 2184 stimulasset
334 2117 501 2182 adsensum
523 2132 618 2195 seque
640 2113 826 2179 adfuturum
848 2111 882 2178 in
904 2113 1076 2178 erastinum
1098 2113 1257 2194 promisis-

121 2225 181 2297 set,
216 2219 343 2302 postero
375 2220 425 2283 die
458 2216 696 2300 expectantibus
728 2215 898 2295 uniuersis,
932 2215 986 2298 qui
1019 2215 1189 2281 studiosius
1218 2218 1256 2280 ad

121 2321 307 2388 condictum
344 2321 447 2386 locum
484 2321 654 2402 spectaculi
689 2319 783 2384 huius
821 2318 996 2402 cupiditate
1032 2318 1256 2400 confluxerant,

121 2426 293 2491 exterritus
316 2423 509 2490 conscientia
530 2441 604 2488 suae
626 2421 825 2489 infidelitatis
848 2423 972 2507 aufugit
994 2440 1030 2489 ac
1051 2421 1194 2503 protinus
1217 2422 1257 2486 ab

120 2529 276 2596 uniuersa
295 2529 441 2612 Aegypto
463 2527 713 2609 transmigrauit.
750 2544 843 2608 quem
865 2545 937 2590 cum
959 2525 1071 2591 beatus
1100 2525 1256 2591 Macarius

87 2651 224 2714 nosque
259 2632 300 2697 ad
332 2632 442 2697 horam
475 2647 590 2695 nouam
623 2647 695 2694 cum
723 2629 847 2712 populis
877 2629 1087 2712 praestolatus
1116 2647 1172 2710 pro
1199 2645 1257 2693 sua

121 2734 319 2802 conscientie
340 2735 513 2800 declinasse
534 2732 680 2812 uidisset,
703 2734 871 2798 adsumens
893 2732 1030 2816 plebem,
1052 2751 1130 2816 quae
1145 2731 1184 2800 ab
1199 2733 1256 2798 illo

117 2838 230 2904 iuerat
252 2838 432 2921 deprauata,
456 2840 494 2902 ad
517 2837 663 2902 condicta
683 2836 850 2918 sepulchra
864 2838 1009 2918 perrexit
1045 2837 1129 2902 huuc
1151 2835 1286 2902 autem4

119 2941 292 3026 Aegyptiis
321 2959 442 3006 morem
469 2939 540 3006 Nili
568 2940 708 3006 fluminis
737 2941 857 3005 iuuerit
887 2940 1016 3016 elunies,
1040 2943 1085 3020 ut,
1109 2939 1256 3023 quoniam
1338 2959 1349 2979 ‘

118 3048 276 3112 uniuersa
296 3049 397 3110 terrae
418 3045 505 3111 illius
527 3044 662 3110 latitudo
683 3044 785 3108 instar
807 3043 942 3110 inmensi
964 3045 1067 3128 pelagi
1082 3063 1143 3109 non
1158 3060 1256 3124 paruo

86 3153 200 3218 sanni
221 3152 363 3234 tempore
377 3148 471 3213 solita
493 3166 646 3230 equarum
662 3145 824 3229 eruptione
840 3148 1026 3230 contegitur,
1053 3146 1101 3211 ita
1115 3144 1256 3210 utnulla

119 3257 201 3322 tunc
224 3254 371 3337 cuiquam
386 3251 496 3316 uiandi
511 3250 602 3333 copia
615 3249 679 3314 nisi
697 3250 873 3316 lemborum
889 3251 1116 3316 transuectione
1132 3248 1254 3314 tribus·

119 3361 188 3443 tur,
221 3374 349 3439 corpora
380 3358 576 3421 mortuorum
611 3354 783 3437 pigmentis
817 3351 941 3420 condita
976 3352 1187 3418 redolentibus
1220 3349 1255 3414 in

227 3507 452 3572 blcor.4,20
554 3505 741 3573 beiloe-2,
761 3507 795 3560 14

176 3647 441 3703 1ιιιιι1ιιιιιιιΠΤ
542 3647 574 3700 ιιι
591 3663 642 3702 om.
662 3647 687 3698 Ο
790 3646 861 3700 4ιά
879 3661 928 3700 cm.
948 3647 976 3697 Σ
1072 3643 1210 3699 ‘adducere
1226 3647 1257 3696 Π

120 3739 146 3788 Y
163 3739 235 3804 (soon
254 3733 290 3799 0)
393 3731 581 3786 bmsehsrius
597 3732 687 3785 HYO
789 3731 918 3800 dinquid
936 3731 997 3783 ΠΟ
1099 3731 1254 3799 impulere

120 3822 147 3874 Ο
251 3817 505 3872 θιιιιὶιιιιιιιίιιιι
522 3821 566 3872 Yo
668 3819 703 3871 10
725 3818 882 3872 testimonia
905 3818 935 3870 Π
1036 3819 1069 3871 11
1087 3817 1142 3886 sed]
1162 3818 1255 3872 sedin

119 3907 151 3958 Π
244 3905 278 3960 13
295 3904 391 3959 auditu
409 3905 449 3955 Π·
539 3905 653 3958 aretium
672 3904 697 3956 Ο
788 3904 980 3957 circumstante
998 3903 1070 3955 [ΡΤ
1156 3903 1254 3972 pedore

119 3993 161 4045 ΠΙ
243 3991 378 4045 14ιιιιιι.
391 3993 417 4042 Y
489 3991 638 4045 conditioni
649 3991 709 4043 ΠΤ
786 3990 820 4044 16
831 3993 943 4058 exspect
956 3990 986 4041 Π
1061 3989 1093 4042 17
1106 3989 1254 4058 spectaculi

119 4079 204 4133 buius
216 4115 312 4132 ......
322 4083 347 4141 9.
359 4081 377 4131 d
388 4077 437 4143 fies
454 4076 610 4146 praestigiis
628 4076 707 4130 fldem
725 4075 826 4130 desunt
842 4077 874 4130 in
890 4075 933 4141 H,
950 4091 1008 4130 unc
1022 4076 1168 4145 urdtetypi
1184 4075 1254 4140 folio

120 4163 281 4232 deperdito:
308 4163 455 4218 librarium
481 4164 585 4234 fugisse
609 4163 683 4217 bose
709 4162 844 4228 desectam
867 4163 933 4217 iude
957 4163 1102 4232 colligitur,
1128 4161 1201 4230 quod
1222 4161 1254 4214 ire

120 4250 217 4305 eedem
234 4251 313 4304 linea
329 4249 446 4304 reuben
458 4250 587 4318 perrexit
677 4247 864 4303 conduxerunt
883 4248 908 4300 0
998 4250 1032 4304 18
1049 4248 1168 4318 aufugit]
1186 4248 1256 4304 baut

120 4337 197 4405 fugit
214 4337 243 4388 Σ
341 4335 374 4388 19
390 4333 542 4388 macharius
560 4336 587 4386 T
674 4334 709 4388 20
727 4334 761 4388 sd
780 4351 830 4389 om.
849 4337 876 4386 Τ
968 4335 1003 4390 22
1021 4335 1142 4406 sepulcra
1161 4334 1186 4386 0

120 4423 158 4478 25
175 4421 330 4491 inruptione
348 4422 374 4472 Τ
473 4419 669 4475 261imborum
687 4421 715 4471 Σ
