3092 4967
321 422 384 489 598
709 419 877 476 Iohannis
901 420 1062 476 (lauriani

322 631 340 677 a
369 611 505 691 domino,
537 630 573 677 eo
607 613 690 696 quod
722 615 857 678 stateras
890 612 1013 678 dolosas
1041 629 1078 677 ac
1111 629 1274 677 mensuras
1306 612 1433 695 duplices

321 716 501 793 habeamus,
524 718 694 781 secundum
717 716 810 781 illam
830 718 1023 781 sententiam
1045 713 1221 780 Salomonis
1239 732 1300 798 qna
1314 713 1433 781 dicitur:

320 818 565 885 abominatio
588 820 648 884 est
670 819 828 891 domino
859 818 1011 902 pondus
1038 818 1201 901 duplex,
1233 819 1273 882 et
1294 820 1433 885 statera

291 924 309 987 7
320 921 455 988 dolosa
477 942 553 988 non
577 926 637 989 est
659 923 800 988 bonum
830 923 868 987 in
890 926 1108 1004 conspectu
1137 924 1230 988 eius.
1269 921 1326 987 hoc
1349 924 1431 987 etiarn

320 1024 410 1091 modo
433 1030 556 1091 reatum
578 1026 677 1092 dolosi
700 1025 848 1109 ponderis
878 1026 1075 1107 duplicisque
1104 1019 1269 1091 mensurae
1291 1026 1459 1090 euidenters

318 1127 518 1208 incurrimus,
542 1129 569 1193 si
592 1130 785 1197 districtiora
806 1129 958 1211 quaedam
981 1147 1075 1211 quam
1090 1128 1241 1211 priuatim
1256 1149 1310 1212 per
1324 1132 1432 1193 nostras

319 1233 449 1299 cellulas
472 1250 612 1298 exeruere
628 1234 847 1299 censuerimus
863 1232 1020 1297 humanae
1033 1232 1138 1297 laudis
1152 1233 1326 1315 cupiditate
1341 1249 1432 1296 coram

318 1334 471 1401 fratribus
494 1336 695 1413 ostentemus,
720 1334 960 1399 abstinentiores
977 1333 1101 1398 scilicet
1115 1338 1147 1398 et
1161 1334 1332 1399 auctiores
1347 1350 1431 1414 appa·

318 1458 385 1505 rere
408 1440 603 1505 adfectantes
625 1438 763 1502 humano
779 1437 959 1519 conspectui
981 1456 1077 1519 quam
1099 1436 1222 1503 diuino:
1252 1436 1306 1518 qui
1320 1437 1431 1500 morbus

318 1542 482 1627 praecipue
505 1560 567 1607 non
589 1543 679 1607 modo
702 1540 860 1623 uitandus,
890 1560 1002 1606 uerum
1025 1542 1121 1605 etiam
1142 1541 1365 1607 abominandus
1390 1544 1459 1603 esto

317 1646 418 1713 nobis.
452 1647 505 1713 sed
528 1644 649 1709 interea
664 1664 682 1709 a
697 1646 878 1727 quaestione
892 1645 1051 1727 proposita
1072 1645 1166 1727 paulo
1182 1645 1306 1727 lougius
1320 1642 1431 1726 eusmti

318 1751 357 1815 ud
381 1750 510 1815 eandem
533 1768 551 1814 a
574 1766 634 1830 qna
660 1748 859 1813 discessimus
880 1748 1086 1813 reuertamur.

359 1868 480 1933 XXIII.
514 1868 618 1949 Igitur
653 1868 884 1949 praedictorum
920 1868 1041 1933 dierum
1078 1868 1126 1932 ita
1160 1868 1207 1933 ast
1244 1866 1431 1933 custodienda

317 1972 518 2045 sollemnitas,
553 1974 590 2035 ut
622 1973 757 2053 corporis
791 1975 885 2054 atque
923 1973 1045 2036 animae
1078 1972 1178 2036 cultui
1210 1972 1311 2052 proeli
1342 1968 1430 2051 magis

316 2076 454 2139 remissio
491 2074 616 2140 indulta
651 2094 745 2157 quarn
779 2076 898 2155 noceat,
931 2076 1005 2158 quia
1039 2094 1096 2140 nec
1129 2075 1225 2139 ullius
1259 2072 1456 2138 festiuitattn

316 2178 466 2262 gaudium
489 2180 612 2243 aculeos
635 2178 739 2244 carnis
761 2180 933 2245 obtundere
956 2199 1015 2245 nec
1036 2180 1159 2244 inmitis
1175 2178 1231 2242 ille
1246 2178 1429 2243 weomadus

287 2282 437 2352 adrerum
466 2283 556 2347 nouit
586 2282 760 2348 reuerentia
793 2282 945 2366 mitigari.
983 2287 1019 2348 ut
1049 2300 1121 2365 ergo
1149 2284 1181 2347 et
1210 2280 1320 2347 diebus
1352 2280 1429 2344 latis
1516 2319 1517 2324 κ

315 2387 434 2451 statuta
456 2386 688 2451 consuetudinis
710 2386 906 2452 sollemnitas
937 2388 1139 2452 conseruetnr
1163 2390 1196 2451 et
1218 2383 1428 2450 saluberrimus

315 2490 520 2574 parsimoniae
542 2488 653 2555 modus
683 2489 815 2555 minime
844 2491 1096 2568 transcendatur,
1126 2488 1246 2554 sufficit
1275 2490 1312 2552 ut
1335 2486 1427 2552 indul·

315 2592 455 2678 gentiam
489 2594 682 2659 remissionis
713 2612 747 2659 eo
777 2612 875 2676 usque
905 2594 1050 2678 progredi
1081 2593 1249 2677 patiamur,
1280 2596 1318 2657 ut
1342 2590 1455 2669 situas

315 2695 367 2777 qui
390 2695 465 2761 hora
487 2697 550 2763 diei
572 2715 654 2762 nona
676 2696 780 2762 luerat
801 2697 979 2781 capiendus,
1003 2697 1096 2780 paulo
1119 2696 1213 2762 eitius
1236 2694 1270 2760 id
1293 2698 1342 2759 ost
1355 2694 1428 2757 serta
1515 2753 1516 2790 ᾗ

314 2796 390 2864 hora
419 2816 474 2879 pro
498 2800 671 2865 fastiditate
700 2800 850 2887 temporis
880 2801 1031 2884 capiatur,
1063 2818 1099 2865 ea
1123 2800 1244 2865 ratione
1267 2799 1426 2870 dummoc,
1515 2799 1516 2888 ξ

314 2907 350 2967 ut
372 2920 512 2967 escarum
534 2904 644 2968 solitus
668 2903 851 2971 medusae}
875 2904 1010 2988 qualitas
1025 2920 1088 2969 non
1103 2904 1254 2977 mutetur,
1271 2920 1311 2965 ne
1324 2898 1427 2983 puritas
1515 2907 1516 2922 ²

312 3004 449 3087 corporis
483 3007 535 3071 nel
572 3006 739 3099 integritas
776 3007 891 3073 mentis
929 3008 1121 3073 abstinentia
1154 3004 1426 3090 Quadragsnsinuuo

313 3107 489 3189 conquisita
512 3107 817 3193 Quinquagensima
834 3111 1016 3176 remissione
1033 3111 1180 3194 depereat
1193 3110 1335 3192 nihilque
1350 3105 1451 3172 notos

311 3213 411 3295 prosit
447 3211 619 3278 obtinuisse
652 3214 789 3296 ieiuniIs,
824 3216 905 3297 quod
940 3232 1012 3280 mox
1048 3215 1155 3279 amitti
1188 3214 1283 3297 cogat
1315 3212 1425 3276 incauta
1514 3225 1515 3232 ¹

311 3316 469 3399 saturitas,
507 3315 692 3397 praesertim
729 3336 801 3382 oum
840 3318 936 3383 etiam
972 3319 1071 3383 hostis
1104 3319 1204 3383 nostri
1236 3336 1300 3383 non
1332 3314 1424 3398 ignota

310 3420 449 3484 uersutia
472 3422 547 3483 tunc
560 3420 724 3503 praecipue
745 3420 953 3487 munitionem
968 3423 1094 3487 nostrae
1109 3420 1259 3505 purItatis
1275 3417 1421 3503 inpugna

412 3598 466 3653 er.
484 3614 507 3653 e.
525 3599 559 3653 aa
579 3598 672 3667 mxx)

362 3760 541 3821 2solomonie
559 3762 629 3817 ΒΚΙ
727 3763 825 3832 qon
922 3765 1141 3820 3abhorninatio
1158 3766 1186 3819 B
1284 3761 1423 3818 eramo.
1513 3817 1514 3822 ,

310 3846 341 3900 F
441 3863 520 3916 quam
538 3848 649 3903 Baro:
679 3864 747 3918 quaa
768 3850 879 3907 0K¹Zo
981 3851 1246 3905 9adllectantssF¹
1346 3847 1423 3903 nin
1513 3877 1514 3914 ;

310 3930 391 3985 terim
422 3930 487 4001 Ollo
590 3932 624 3987 ad
651 3934 692 3988 K¹
797 3935 1051 4004 uninomina
1083 3936 1194 3990 solemn.
1222 3936 1255 3989 K
1350 3931 1423 3999 adque

310 4014 351 4073 ro
455 4018 488 4073 15
514 4018 589 4073 arra
616 4020 653 4089 pc
755 4022 790 4076 re
816 4021 960 4075 osannae
983 4022 1025 4075 ro
1128 4021 1186 4075 nne
1208 4004 1248 4091 p·
1326 4019 1356 4074 re
1378 4014 1422 4069 ⁵01-

309 4102 510 4158 lemnitatisO
612 4104 643 4159 21
668 4124 739 4161 nona
764 4107 818 4161 diei
841 4107 900 4162 BF
1000 4106 1034 4161 24
1057 4110 1159 4161 mentes
1182 4108 1223 4161 K¹
1323 4101 1421 4175 quadru-
1512 4161 1513 4164 ,

310 4190 428 4258 gesimae
452 4189 534 4245 ΒΕΘ
637 4190 671 4246 25
694 4192 845 4262 conquisita
863 4192 932 4247 BF:
962 4192 1124 4263 diligentius
1141 4193 1280 4261 adquisita
1299 4191 1360 4260 Orio

310 4274 713 4345 quinquegenstmeeom.13n⁷
735 4278 956 4347 quiuquagesimo
979 4279 1002 4335 0
1100 4279 1135 4333 26
1152 4278 1305 4333 obtenuisse
1320 4276 1356 4331 13¹
1381 4270 1420 4327 ab
1512 4285 1513 4340 l

310 4362 437 4415 stinnisse
454 4362 484 4415 F
511 4359 710 4432 abstinuisset
812 4364 846 4417 27
863 4363 993 4434 quumO
1512 4353 1513 4402 I
