3092 4967
508 440 668 495 Conlatio
693 438 772 505 vm,
790 438 833 495 25.
1171 442 1250 509 247.

122 627 254 694 adtraxit.
291 628 324 693 in
347 646 407 711 quo
429 630 554 712 quidem
583 628 734 713 profundo
761 633 878 713 quanto
900 648 956 695 nos
978 630 1111 697 interius
1134 631 1235 697 diuini

121 732 235 815 spiritus
257 732 464 797 introduxerit
484 732 588 815 flatus,
611 736 699 799 tanto
714 732 857 799 diffusior
872 734 1056 816 praecedens
1072 734 1233 801 oculorum

120 838 207 903 aciem
231 855 354 919 semper
382 836 540 919 aperietur
569 838 752 902 inmensitas
775 856 813 902 ao
843 840 1013 903 secundum
1043 840 1235 905 seutentiam

121 939 281 1006 Salomonis
315 940 474 1021 longius
503 940 557 1005 liet
585 961 605 1006 a
633 942 723 1007 nobis
760 941 888 1024 magis
924 958 1035 1025 quam
1065 944 1165 1027 erat,
1196 946 1233 1008 ot

101 1043 194 1109 ralla
229 1043 500 1126 profunditas,
545 1044 635 1127 quie
671 1044 852 1109 inueniet
889 1044 993 1110 eam?
1029 1045 1266 1129 quamobremss

120 1147 269 1213 dominum
291 1146 502 1230 deprecemur,
525 1148 616 1212 utin
645 1148 734 1213 nobis
762 1148 815 1213 uel
838 1149 931 1212 timor
954 1148 1022 1213 eius
1045 1150 1096 1214 uel
1119 1149 1233 1215 caritas

119 1268 189 1332 quae
210 1250 311 1316 nescit
333 1252 441 1317 cadere
462 1251 624 1316 inmobilis
646 1253 833 1335 perseueret,
857 1270 934 1334 quae
960 1270 1016 1317 nos
1031 1252 1064 1317 et
1077 1252 1234 1336 sapientes

118 1353 307 1420 inomnibns
330 1354 424 1420 faciet
445 1356 478 1420 et
499 1372 519 1419 a
540 1354 658 1421 diaboli
680 1354 753 1420 telis
775 1356 921 1439 proteget
942 1374 1065 1438 semper
1087 1355 1233 1422 inlaesos.

118 1456 162 1521 his
182 1458 295 1523 etenim
318 1458 500 1524 custodibus
521 1458 703 1542 inpossibile
724 1460 774 1524 est
790 1459 968 1543 quempiam
983 1459 1109 1541 laqueos
1123 1458 1234 1525 mortis

91 1561 271 1628 oincnrrerc.
303 1562 386 1628 inter
414 1562 568 1644 perfectos
597 1566 704 1627 autem
734 1566 767 1628 et
789 1562 977 1645 inperfectos
998 1565 1061 1628 ista
1082 1563 1236 1629 distantia

118 1668 170 1745 est,
202 1667 283 1750 quod
315 1668 349 1731 in
383 1666 447 1731 illis
477 1659 603 1751 quidem
632 1666 692 1732 lixa
721 1670 754 1731 et
783 1668 820 1731 ut
848 1666 894 1731 ita
920 1668 1051 1731 dixerim
1081 1666 1235 1732 maturior

118 1768 221 1835 caritas
250 1770 392 1836 tenacius
421 1788 622 1854 perseuerans
647 1770 768 1836 firmius
800 1789 852 1837 eos
881 1789 917 1836 ac
946 1771 1070 1836 facilius
1101 1770 1179 1836 facit
1200 1771 1235 1835 in

117 1874 272 1939 sanctitate
305 1877 426 1956 duxero,
460 1876 493 1940 in
526 1874 577 1939 bis
605 1892 681 1940 uero
711 1874 800 1940 uelut
829 1873 986 1941 infirmius
1015 1874 1177 1940 conlocata
1200 1892 1236 1939 ac

116 1975 229 2041 facilins
250 1977 453 2061 refrigescens
483 1977 546 2043 cito
568 1996 606 2043 ao
634 1979 756 2062 saepius
786 1996 837 2044 eos
865 1982 1063 2061 peccatorum
1088 1978 1238 2061 conpellit

89 2079 227 2163 „laqueis
259 2082 415 2164 inplicari.
460 2083 573 2165 quibus
606 2084 722 2148 auditis
755 2082 803 2149 ita
834 2100 889 2148 nos
923 2082 1110 2149 conlationis
1142 2079 1235 2147 huius

117 2200 209 2249 samo
238 2183 427 2270 flammauit,
457 2190 494 2251 ut
521 2186 639 2252 maiore
668 2186 783 2251 mentis
809 2185 919 2251 ardore
943 2187 1093 2252 abeuntes
1116 2204 1135 2250 a
1157 2185 1237 2251 cella

117 2287 193 2353 senis
235 2308 329 2371 quam
373 2298 447 2355 anto
491 2292 653 2357 uenientes
697 2291 855 2357 doctrinae
900 2291 966 2355 eius
1007 2289 1237 2372 plenitudinem

117 2390 280 2459 sitiremus.

208 2580 343 2635 dbcclea.
362 2582 388 2649 7,
405 2580 441 2636 24
460 2580 555 2650 (LXX)
658 2582 726 2637 dci.
745 2582 839 2638 Ilion.
860 2580 900 2645 13,
917 2582 935 2635 8

163 2750 307 2819 uquam
334 2752 370 2806 V¹
476 2752 667 2807 aunuum
694 2752 814 2808 wonx
916 2732 1173 2807 arumnensis

116 2836 278 2891 deolomonis
294 2838 320 2893 V
335 2837 479 2891 salamonis
492 2838 520 2893 P
602 2839 689 2908 magis
701 2854 751 2893 om.
768 2840 796 2894 V
803 2838 869 2905 fort.
883 2844 955 2893 recte
1041 2840 1131 2893 boum
1146 2839 1174 2895 V

116 2920 220 2976 dnubis
235 2924 262 2979 V
345 2922 530 2978 limmobilas
546 2924 581 2979 V¹
668 2925 814 2991 personarit
837 2924 870 2979 V¹
956 2924 1033 2979 nobie
1051 2924 1081 2979 D
1167 2926 1237 2995 rapi·

116 3008 180 3062 cutis
201 3009 243 3063 V·
308 3009 471 3066 SiaciatO
556 3028 573 3063 a
590 3011 689 3066 om.V
766 3010 871 3065 diabuli
894 3010 945 3066 VP
1023 2998 1110 3065 'thalia
1133 3010 1171 3067 W

116 3097 227 3165 protigot
246 3096 274 3150 V
298 3096 419 3165 protegit
436 3096 477 3150 D¹
507 3097 675 3166 protegatO
778 3096 895 3151 inlaesus
917 3098 944 3153 V
1043 3096 1235 3152 9custndibue

119 3180 142 3234 V
228 3182 262 3238 10
278 3183 410 3237 incurrite
430 3185 466 3239 V*
558 3184 691 3253 perlectus
712 3185 740 3241 V
827 3184 992 3254 inperfectus
1013 3185 1039 3239 V
1122 3183 1236 3238 distatis

115 3265 142 3319 D
221 3270 252 3323 11
271 3271 407 3324 maturior
423 3269 458 3325 V¹
545 3270 579 3325 12
595 3268 742 3326 karitasO
827 3272 948 3324 tenatius
964 3268 1047 3325 VDX
1132 3268 1234 3323 firmior

120 3349 163 3404 lV¹
260 3370 305 3408 aas
328 3354 358 3409 D
461 3356 494 3411 13
515 3356 559 3410 nol
581 3355 612 3410 D
714 3356 755 3425 ac]
773 3358 802 3409 et
824 3356 862 3411 W
964 3356 997 3409 14
1018 3354 1188 3425 refrigiacons
1206 3354 1238 3410 D

116 3436 304 3507 refiioaceneO
400 3440 433 3494 15
449 3440 579 3511 inplicare
599 3443 639 3499 W
730 3440 921 3495 consolationis
943 3441 969 3495 V
1063 3442 1096 3495 16
1113 3441 1236 3495 liamanit

115 3520 141 3575 D
233 3528 265 3581 17
283 3525 408 3581 doctrina
424 3526 465 3581 D¹
563 3529 597 3583 18
614 3527 752 3582 eiterimns
773 3528 801 3584 V
891 3526 1009 3596 Explicit
1026 3525 1133 3581 abbatis
1150 3526 1236 3581 serani

116 3627 288 3685 annuo-11·
303 3630 375 3699 (conl
392 3616 445 3686 abb
462 3631 549 3686 aaroni
566 3631 682 3686 secunda
698 3632 729 3687 D
758 3631 874 3686 secunda
890 3632 1006 3686 conlatio
1023 3630 1131 3685 abbatie
1149 3628 1236 3685 senoni

119 3712 186 3781 ΨΧ)
213 3715 245 3770 do
268 3717 349 3771 initio
371 3718 571 3788 principatuum
594 3722 652 3786 (seu
673 3721 838 3788 potestatum
861 3717 926 3773 add.
948 3717 994 3788 X)
1023 3716 1148 3773 VDWX
1197 3716 1237 3771 De

116 3816 278 3889 principatib.
296 3805 357 3876 abb.
374 3822 460 3876 rerem
483 3824 536 3877 coll
559 3822 676 3877 secunda
698 3808 766 3893 expl.
789 3823 817 3878 P
849 3822 967 3891 Explicit
989 3822 1106 3877 conlatio
1130 3820 1237 3877 abbatis

117 3906 194 3958 anni
218 3904 251 3961 dc
276 3906 482 3977 principatibus.
523 3906 579 3963 Deo
606 3908 717 3979 gretiar.
751 3908 853 3978 Incipit
880 3908 986 3963 abbatie
1011 3908 1066 3963 isac
1092 3909 1178 3977 prima
1204 3908 1237 3963 do

119 3991 271 4049 oratiouoO
