3092 4967
576 466 735 523 Conlatio
753 466 777 533 1,
794 466 837 524 20.
1009 504 1012 510 .
1227 472 1268 537 31

140 656 317 740 specialiter
350 655 423 723 huic
452 654 505 737 qui
535 654 717 739 augelorum
747 654 889 724 custodia
915 676 978 723 uon
1007 659 1118 742 egebat
1141 662 1271 725 conatur

139 764 250 843 aptare
278 760 399 827 dicens:
429 757 521 840 quia
546 756 705 842 augelis
733 758 819 824 suis
848 758 1054 825 mandabit
1083 762 1129 829 de
1150 763 1205 839 te,
1227 765 1269 828 ut

139 862 377 929 custodiant
405 862 443 927 te
472 862 510 929 in
532 859 714 925 omnibus
736 861 815 927 uiis
839 863 939 928 tuis:
963 868 999 928 et
1022 865 1058 931 in
1082 865 1269 931 manibus

137 968 356 1050 portabunt
377 966 431 1049 te,
463 983 507 1033 ue
529 963 634 1029 forte
659 964 843 1033 offendas
865 966 909 1033 ad
932 966 1109 1050 lapidem
1131 968 1269 1051 pedem

115 1072 267 1137 etrum:
289 1070 425 1151 pretiosa
440 1068 563 1136 scilicet
578 1067 701 1150 eloquia
722 1069 950 1151 seripturarum
966 1070 1080 1137 callida
1093 1071 1269 1153 adsumpti-

136 1190 197 1239 one
220 1174 405 1239 mnuedens
421 1174 505 1237 etad
521 1173 711 1241 contrarium
731 1190 857 1242 sensum
870 1173 1057 1257 noxiumque
1071 1174 1269 1258 detorquens,

135 1280 173 1343 ut
203 1276 375 1359 imaginem
404 1265 556 1359 tyrannici
587 1276 695 1345 uultus
720 1277 780 1345 sul)
803 1278 904 1343 colore
925 1276 1016 1345 nobis
1039 1280 1106 1345 auri
1128 1278 1270 1345 fallentis

135 1377 265 1445 obiciat.
303 1377 370 1445 siue
392 1394 463 1443 oum
484 1377 748 1460 paracharaximis
770 1398 827 1446 noe
850 1384 981 1448 oouatm
1001 1380 1151 1460 inludere,
1166 1382 1267 1464 quod-

135 1481 211 1550 dam
240 1480 362 1548 scilieet
390 1482 517 1564 pietatis
547 1500 626 1565 opus
653 1486 823 1553 admoneus
850 1484 1077 1561 adlectondnm.
1100 1488 1182 1566 quod
1204 1501 1268 1549 non

100 1584 176 1651 rodo
191 1584 337 1668 legitima
351 1585 510 1652 seniorum
524 1585 692 1667 procedens
715 1588 842 1655 moneta
858 1587 916 1653 sub
931 1590 1094 1671 praetextu
1107 1586 1267 1653 nidulum

134 1688 228 1757 duait
248 1691 287 1755 ad
310 1688 400 1767 uitia,
423 1688 475 1755 uel
497 1688 698 1759 inmoderatis
723 1690 1055 1774 inconpetentibusque
1069 1689 1196 1757 ieiuniis
1211 1707 1268 1757 seu

133 1792 258 1875 uigiliis
282 1790 389 1860 nimiis
412 1792 463 1858 uel
485 1791 678 1862 orationibus
701 1792 887 1861 inordinatis
908 1795 960 1861 uel
982 1792 1154 1877 incongrua
1176 1792 1268 1859 lecti·

134 1914 196 1962 ono
211 1894 371 1978 decipiens
386 1896 426 1961 ad
442 1895 567 1963 noxium
584 1897 739 1981 pertrahit
752 1897 857 1963 finem.
880 1897 931 1964 uel
946 1916 1019 1965 oum
1034 1894 1297 1968 mtecessioneso

132 2016 171 2065 ao
194 1996 392 2068 uisitationes
415 2000 483 2081 pias
499 2000 666 2083 persuadet
686 2000 866 2085 inpendere,
880 2000 995 2084 quibus
1009 2019 1064 2069 uos
1078 1999 1265 2083 aspiritali-

98 2101 198 2171 rebus
230 2101 410 2167 monasterii
443 2102 586 2169 claustris
616 2105 647 2170 et
675 2105 795 2173 sacrato
830 2105 946 2174 amicae
975 2105 1089 2187 quietis
1118 2102 1265 2184 excutiat,

132 2204 366 2273 sollicitudines
391 2206 485 2271 etiarn
508 2224 659 2290 curasque
674 2208 831 2289 suscipere
846 2208 1065 2292 religiosarum
1080 2225 1116 2273 ac
1130 2206 1266 2273 destitu-

131 2310 243 2373 tarum
265 2308 407 2392 suggerit
430 2308 629 2393 feminarum,
660 2313 695 2375 ut
725 2310 906 2377 huiusmodi
928 2311 1048 2394 laqueis
1077 2310 1265 2404 monachum

130 2410 396 2477 inextricabiliter
412 2411 578 2477 inretitum
592 2413 837 2494 perniciosarum
849 2414 1096 2482 sollicitudinum
1109 2413 1264 2493 occupati·

130 2534 194 2582 one
223 2515 391 2581 distendat.
428 2516 482 2581 uel
512 2517 596 2582 certe
626 2534 698 2586 cum
728 2518 902 2584 desiderare
931 2517 1075 2590 sonetum
1097 2515 1264 2581 clericatis

95 2618 276 2687 soffioium
297 2620 356 2685 sub
378 2622 539 2703 praetextu
566 2620 790 2689 aedificationis
814 2622 987 2690 multorum
1008 2625 1041 2690 et
1062 2638 1168 2687 amore
1183 2620 1264 2685 lucri

130 2722 287 2807 spiritalis
310 2723 452 2808 instigat,
476 2742 530 2807 por
552 2724 633 2808 quod
655 2744 710 2791 nos
733 2725 772 2791 ab
796 2725 975 2794 humilitate
997 2724 1150 2809 propositi
1171 2722 1264 2788 huius

131 2844 169 2892 ac
194 2824 390 2893 districtione
413 2826 552 2897 diuellat.
590 2845 668 2910 quae
698 2828 805 2896 omnia
833 2848 905 2895 eum
931 2829 997 2894 sint
1018 2828 1142 2897 nostrae
1165 2826 1295 2893 salutili

129 2927 382 3013 professionique
403 2930 570 3008 contraria,
594 2936 700 2997 tamen
716 2931 873 2998 uelamine
887 2932 1021 3014 quodam
1037 2930 1262 2998 misericordiae

130 3050 168 3097 ao
204 3030 364 3115 religionis
398 3031 521 3100 obtaote
554 3032 643 3099 facile
677 3034 828 3116 inperitos
860 3035 1061 3117 incautosque
1090 3034 1260 3114 decipiunt.

96 3132 303 3205 similantur
326 3136 408 3199 enim
431 3134 620 3201 nomismata
641 3136 709 3201 ueri
731 3138 823 3221 regis,
848 3138 922 3219 qnia
944 3139 1089 3205 uidentur
1110 3138 1149 3202 ad
1171 3154 1261 3218 proe-

130 3255 202 3303 sans
227 3238 319 3319 plena
341 3237 476 3319 pietatis,
502 3240 556 3305 sed
580 3257 640 3304 uon
662 3245 736 3305 suut
753 3258 771 3305 a
788 3240 937 3325 legitimis
959 3240 1150 3315 monetariis,
1167 3240 1262 3305 idest

130 3338 275 3423 probatis
291 3343 321 3404 et
336 3339 498 3407 catholicis
513 3342 652 3424 patribus
664 3342 798 3425 figurata
812 3362 869 3409 nec
881 3344 918 3409 de
931 3344 1079 3409 cardinali
1092 3362 1127 3410 ac
1138 3341 1262 3426 publica

237 3570 321 3625 Hit.
339 3572 364 3637 4,
384 3572 408 3626 6.
443 3573 488 3627 Pe.
506 3572 548 3638 90,
569 3573 670 3629 11-12

185 3774 340 3840 lco'rstodia
356 3787 385 3841 D
486 3786 661 3842 2mandebit
677 3788 720 3843 D:
750 3788 890 3842 mandauit
910 3790 977 3845 WX
1078 3779 1263 3844 3c5stodiant

129 3870 160 3924 D
258 3871 450 3943 4portsbuut]
469 3872 643 3929 tollant-sD
737 3874 898 3929 'ltiraunici
919 3877 956 3930 W
1050 3876 1135 3929 uultis
1150 3875 1193 3929 D¹

128 3958 145 4012 8
175 3958 369 4026 paracararmis
392 3959 598 4027 (misturae.)
627 3960 659 4013 X
784 3958 818 4013 lo
843 3959 964 4029 ligitime
996 3961 1033 4016 W
1160 3959 1263 4013 monita

127 4042 170 4097 D¹
273 4044 305 4099 15
322 4044 401 4099 amici
419 4044 449 4099 D
547 4044 579 4097 16
598 4044 789 4101 sollicitudinis
809 4047 858 4103 W¹
956 4047 1147 4116 relegiosarurn
1163 4045 1194 4099 D

88 4127 466 4197 ·1airertn'gebilioerD¹
562 4130 698 4199 pemitios.
717 4130 789 4185 DW
882 4130 916 4185 20
933 4133 1100 4200 praetextate
1117 4130 1157 4186 12¹
1186 4144 1262 4199 prae·

126 4216 235 4268 textum
257 4214 305 4269 W¹
408 4215 440 4269 21
466 4215 500 4269 ud
523 4215 678 4271 humilitate
701 4215 742 4271 D¹
846 4215 1192 4271 manuscriptionem

127 4316 247 4459 ᾶοοοὶὲῖγῒ
273 4318 320 4375 W¹
422 4318 457 4372 24
480 4318 621 4387 relegionis
644 4318 684 4373 D¹
787 4318 822 4373 25
845 4306 1006 4375 nlmismera
1033 4320 1070 4374 W
1171 4317 1203 4373 27
1229 4316 1262 4371 do

127 4418 179 4457 om.
