3092 4967
493 460 657 519 conlatio
681 462 760 529 VIII,
781 462 855 518 Η.
1174 464 1237 531 219

116 652 242 719 seientia
274 654 307 719 et
337 653 454 718 notitia
480 652 691 735 panderentur
719 652 752 717 et
777 671 834 737 per
862 652 922 719 hee
949 652 1032 719 inter
1058 654 1174 719 inertes
1201 672 1238 719 ae

116 756 268 822 studiosos
289 756 378 821 nulla
397 759 482 822 esset
502 758 632 821 uirtutis
654 756 901 839 prudentiaeque
923 754 1086 833 tuentia,
1109 758 1177 823 tum
1201 757 1237 821 nt

116 858 205 925 etiam
233 860 317 925 inter
344 858 429 941 ipsos
458 858 643 924 domesticos
671 858 753 937 lidei,
783 859 858 925 dum
886 859 1107 925 intellectuum
1134 860 1238 943 spatia

116 979 212 1026 eoram
236 962 282 1026 eis
302 961 444 1027 inmensa
465 962 647 1040 tonduntur,
671 966 752 1028 esset
773 962 807 1027 iu
829 960 942 1044 quibua
964 962 997 1027 et
1012 961 1236 1029 desidiosorum

96 1065 294 1148 emgnomtm
325 1064 454 1149 ignauia
482 1067 515 1131 et
542 1064 753 1131 dumosorum
781 1065 930 1131 alacritas
958 1067 1054 1148 atque
1080 1064 1237 1131 industria

115 1166 306 1250 preberetur.
342 1166 474 1251 ideoque
494 1168 573 1234 satie
596 1168 719 1251 proprie
740 1170 896 1251 seriptum
917 1166 1025 1233 diuina
1039 1184 1116 1251 agro
1133 1168 1267 1251 epime3

115 1290 148 1337 ao
168 1271 268 1337 fertili
291 1272 488 1355 eomparatur,
511 1272 566 1356 qui
589 1290 662 1338 oum
683 1272 785 1338 multa
807 1270 919 1357 gignat
941 1290 977 1338 ao
997 1270 1136 1356 preferat
1156 1288 1235 1354 qnae

115 1376 151 1439 ad
185 1374 348 1442 homiuum
379 1376 500 1441 uietnm
537 1376 606 1442 sine
642 1375 749 1459 aliqua
781 1374 863 1460 ignis
892 1376 1030 1441 eeetiene
1059 1372 1235 1459 predeiant,

114 1481 262 1561 quaedam
294 1478 356 1544 nisi
387 1478 476 1561 prino
503 1477 648 1545 dammae
678 1479 780 1545 ealore
807 1479 958 1564 mitigata
986 1480 1080 1561 atque
1113 1476 1237 1543 mollita

84 1600 233 1647 nemnem
256 1580 462 1665 mperitatom
484 1600 559 1648 aeae
582 1583 781 1666 deposuerint
796 1581 971 1665 cruditatis,
996 1582 1048 1647 uel
1062 1580 1237 1665 incongrua

114 1684 218 1751 mitur
240 1685 387 1751 humanis
408 1685 462 1751 nel
483 1686 574 1750 neria
594 1685 781 1753 metientur.
823 1686 975 1751 nonnulla
996 1701 1070 1750 nere
1092 1686 1137 1750 ita
1153 1684 1235 1749 utri-

114 1805 169 1869 que
195 1791 264 1854 ueni
294 1789 368 1872 apta
395 1793 576 1866 naseuntur,
604 1792 640 1855 ut
669 1807 726 1854 neo
753 1790 874 1855 inuecta
901 1806 958 1853 sna
986 1786 1144 1853 eruditate
1172 1786 1235 1853 dir·

113 1892 245 1973 plioeant
266 1892 318 1959 uel
337 1891 497 1958 offendant
520 1894 553 1958 et
574 1894 680 1957 tamen
702 1892 784 1976 ignia
805 1892 908 1957 oelore
922 1891 1051 1957 deeoeta
1062 1888 1237 1956 salubriora

114 1994 287 2061 reddantur.
311 1996 402 2079 plura
423 2010 544 2077 quoqne
562 1995 601 2059 ad
617 2010 719 2060 eseam
733 1994 951 2061 tantummode
966 1990 1236 2059 inrationabilium

85 2115 106 2153 a
114 2096 323 2163 iumentorum
338 2098 373 2162 et
386 2096 571 2161 animalium
585 2096 638 2161 uel
652 2095 787 2162 ferarum
801 2114 838 2162 ae
850 2094 1014 2162 uolnerum
1026 2094 1235 2177 preferuntur,

114 2199 186 2264 eibio
207 2198 371 2266 beminnm
395 2198 524 2264 minime
546 2198 720 2281 protutura,
737 2216 817 2281 quae
833 2198 929 2264 etiam
945 2198 978 2263 in
994 2215 1053 2263 sua
1068 2198 1236 2282 asperitate

114 2302 269 2367 manentia
290 2302 407 2385 absque
429 2300 496 2366 nlla
516 2302 597 2384 ignis
620 2300 813 2367 oouleotiene
835 2300 968 2366 uitalem
989 2300 1138 2367 iumentis
1161 2316 1236 2365 oon·

114 2402 213 2470 lerunt
239 2404 419 2471 sanitatem
456 2420 550 2487 quam
582 2404 734 2469 rationem
762 2404 842 2469 eatis
871 2404 1031 2471 euidenter
1064 2402 1266 2487 aspicimusl

114 2505 147 2570 in
170 2506 227 2572 boo
254 2509 413 2574 uberrime
435 2505 625 2590 spiritalium
654 2506 881 2589 seripturarum
906 2506 1050 2591 paradiso
1072 2506 1234 2586 eontineri,

85 2608 146 2673 rein
165 2628 224 2693 que
244 2611 292 2676 ita
313 2610 466 2693 quaedam
492 2608 721 2692 signifieatieue
750 2611 877 2676 litterae
898 2609 995 2694 plana
1017 2628 1053 2675 ae
1075 2610 1236 2676 lueulenta

115 2712 315 2795 resplendent,
343 2714 390 2792 ut,
419 2730 491 2779 eum
517 2712 701 2779 sublimiore
729 2713 987 2797 interpretatione
1020 2732 1081 2780 non
1111 2715 1234 2798 egeant,

115 2814 244 2898 simpliei
276 2817 404 2882 tantum
436 2815 563 2882 litterae
596 2831 669 2882 aene
702 2814 829 2883 abunde
862 2818 992 2901 poseant
1025 2836 1060 2883 ae
1093 2816 1236 2882 nutriant

115 2917 278 3004 audientes,
312 2924 349 2985 et
380 2921 431 2985 est
457 2920 555 2987 illud:
584 2920 689 2999 audi,
719 2922 893 3005 Israhel,
923 2921 1107 2988 dominus
1141 2921 1234 2987 deus

115 3023 199 3086 tuus
225 3023 401 3089 dominus
428 3041 528 3089 nnus
550 3025 627 3102 est,
655 3026 703 3088 et:
731 3023 880 3107 diliges
901 3024 1101 3091 dominnm
1123 3023 1235 3090 deum

85 3125 216 3191 atnnm
244 3144 291 3191 ex
319 3128 402 3192 tete
430 3129 543 3194 eorde
571 3132 654 3204 tuo,
685 3131 723 3193 et
752 3146 794 3193 er
817 3129 903 3194 tota
931 3128 1064 3194 anima
1089 3130 1173 3205 tua,
1196 3128 1235 3193 et

117 3244 155 3289 er
177 3229 265 3295 teta
297 3229 453 3295 uirtute
480 3232 556 3298 tua.
595 3228 745 3311 quaedam
779 3233 887 3297 antem
919 3232 947 3296 si
981 3229 1150 3314 allegerica
1182 3248 1235 3296 er·

116 3328 285 3409 planatieuo
299 3333 465 3399 extenuata
479 3350 541 3398 nen
556 3332 675 3398 fuerint
690 3334 724 3398 et
737 3332 894 3418 spiritalis
909 3334 994 3418 ignis
1007 3332 1235 3401 examinatione

116 3432 239 3518 mellita,
266 3434 353 3501 nullo
382 3436 473 3501 medo
501 3436 542 3500 ad
570 3436 741 3501 salutarem
771 3436 931 3502 interioris
958 3435 1094 3501 hominis
1127 3435 1233 3500 eibum

209 3622 416 3688 aubereti
518 3621 665 3676 wath

163 3792 289 3847 liuentia
308 3791 350 3847 D¹
453 3790 503 3846 hae
523 3792 562 3847 W
662 3790 681 3844 2
703 3790 840 3845 studiosus
863 3788 889 3843 V
989 3792 1048 3844 tum
1066 3806 1136 3846 erus.
1154 3793 1186 3846 iu
1202 3793 1234 3848 D

118 3876 168 3930 tam
186 3879 234 3933 W*
336 3881 369 3932 ot
385 3877 486 3933 eru-O
586 3876 701 3946 dipsas
724 3876 888 3932 domesticus
911 3875 946 3931 V*
1048 3878 1065 3931 4
1092 3878 1139 3948 eis]
1166 3878 1233 3949 ipsis

121 3958 142 4015 0
215 3964 376 4019 desidiornm
399 3963 439 4017 W
521 3964 641 4032 badque
662 3962 739 4019 VOP
822 3961 992 4018 torreto
1084 3963 1234 4019 bealorum

124 4045 164 4101 W*
269 4048 357 4119 adque
386 4048 439 4105 ΥΡ
552 4050 585 4103 12
610 4047 751 4103 orodetate
780 4048 812 4103 D
922 4046 1086 4117 displeeeant
1116 4049 1165 4105 W*

121 4132 306 4190 idoneitatem
327 4134 364 4189 V:
393 4135 566 4191 nturitmem
583 4135 643 4189 rell.
748 4136 781 4190 19
804 4134 942 4204 paradiseo
966 4133 996 4188 D
1098 4134 1232 4190 oonteoeri

122 4215 156 4270 I)¹
246 4220 424 4279 2011an
524 4220 702 4276 idhaeW
804 4218 1164 4277 ldioerWXirlD

122 4304 151 4359 tl
165 4306 290 4379 dominus]
308 4308 417 4366 deurO
496 4308 590 4378 diligis
605 4307 712 4363 V¹D¹P
795 4308 829 4361 26
847 4306 987 4377 alligoriea
1001 4304 1065 4361 V¹P
1093 4307 1232 4378 illegerioa

123 4390 158 4444 Jl¹
183 4393 294 4462 alperioa
316 4397 350 4452 W
453 4394 488 4451 28
505 4394 584 4450 nullu
604 4395 653 4450 W¹
