3092 4967
514 396 675 453 Conlatio
698 396 730 460 V,
748 395 859 451 etl-23.
1190 396 1253 464 147

117 592 216 675 atque
238 588 426 672 inexplebile
446 585 670 655 indictionibus
699 576 766 653 eins
790 586 905 654 inferre
928 587 1075 673 uectigal.
1111 588 1181 653 tum
1202 587 1252 655 illi

119 695 213 777 hune,
238 711 332 777 qnem
353 692 442 757 uelut
462 690 594 758 idiotam
615 708 652 757 ac
676 690 831 755 rusticum
854 692 927 757 ante
949 691 1162 775 despexerant,
1178 709 1252 775 pro·

120 798 351 865 nuntiauerunt
393 794 511 878 primas
550 792 766 879 philosophiae
801 798 918 879 partes,
954 794 988 861 id
1028 795 1077 860 est
1113 792 1252 861 ethicam

119 900 325 983 disciplinam
346 897 486 981 adprime
508 897 774 980 conprehendisse,
797 897 906 964 mirati
928 898 1095 964 admodum
1110 898 1252 979 potuisse

95 1023 194 1068 seuru
226 1000 414 1069 naturaliter
449 999 576 1083 adsequi
615 1000 694 1084 quod
728 1000 817 1065 nulla
851 1001 879 1065 ei
912 1001 1077 1067 asculan
1115 1000 1251 1066 eruditio

121 1106 318 1182 contulisset,
340 1122 413 1171 curu
433 1103 495 1187 ipsi
516 1103 627 1169 sudore
648 1105 750 1171 multo
773 1104 927 1187 longaque
948 1104 1090 1171 doctrina
1109 1102 1157 1169 ita
1172 1103 1250 1170 haec

120 1210 287 1294 adtingere
310 1207 533 1290 nequiuissent.
568 1207 645 1273 haec
658 1205 834 1290 specialiter
850 1206 887 1273 de
901 1206 1124 1291 gastrimargia
1138 1206 1251 1271 dixisse

120 1312 273 1378 sufficiat.
295 1328 378 1377 nunc
398 1310 594 1377 reuertemur
615 1311 656 1375 ad
679 1308 924 1393 disputationem
946 1327 1042 1393 qnam
1057 1310 1095 1375 de
1110 1308 1251 1391 generali

119 1417 273 1482 uitiorum
297 1414 477 1497 cognatione
499 1431 700 1497 coeperamus
722 1430 881 1495 exponere.

86 1560 113 1601 eo
161 1534 271 1600 XXII.
298 1532 378 1600 (lum
406 1534 447 1599 ad
475 1532 638 1599 Abrabam
667 1531 706 1597 de
735 1532 851 1597 laturis
885 1529 1027 1598 dominus
1060 1533 1249 1618 loqueretur,

121 1640 203 1723 quod
241 1655 299 1703 uos
335 1636 465 1702 mInime
505 1634 691 1719 requisistis,
734 1652 796 1701 non
834 1637 953 1718 septem
990 1638 1098 1719 gentes
1135 1637 1251 1721 legitur

121 1745 344 1820 dinumerasse,
378 1740 432 1806 sed
464 1740 581 1824 decem,
615 1756 747 1823 quarum
781 1741 868 1805 terra
900 1740 1013 1805 semini
1049 1740 1115 1807 eine
1149 1741 1251 1808 danda

121 1843 330 1928 promittitur.
369 1843 422 1925 qui
444 1859 592 1909 uumerus
615 1842 737 1907 adiecta
751 1840 931 1907 idololatria
946 1844 1039 1925 atque
1054 1843 1250 1927 blasphemia

121 1948 283 2015 euidenter
297 1946 445 2030 inpletur,
462 1945 576 2029 quibus
592 1948 666 2012 ante
680 1944 825 2012 notitiam
842 1945 892 2010 dei
904 1948 936 2010 et
946 1945 1084 2031 gratiam
1099 1947 1251 2031 baptismi

90 2053 174 2118 nuel
194 2050 284 2135 inpia
306 2047 474 2134 gentilium
499 2049 551 2114 uel
573 2047 754 2131 blasphema
775 2048 958 2115 Iudaeorum
980 2049 1153 2117 multitudo
1175 2054 1250 2119 sub-

122 2155 204 2221 iecta
226 2156 286 2235 eet,
308 2151 405 2217 donec
429 2150 463 2217 in
478 2149 686 2217 intellectuali
699 2151 843 2235 demto
859 2155 1069 2219 conmoratnr.
1101 2154 1251 2220 uanam

123 2257 346 2323 abrenuntians
368 2257 439 2337 quis
461 2255 492 2320 et
514 2272 657 2338 messus
687 2253 797 2319 exinde
818 2271 874 2336 per
897 2255 946 2319 dei
968 2257 1104 2341 gratiam
1125 2254 1251 2322 deuicta

122 2360 239 2443 pariter
270 2359 492 2443 gastrimargia
524 2358 564 2423 ad
597 2357 758 2423 heremum
789 2358 968 2441 peruenerit
997 2358 1181 2442 spiritalem,
1211 2361 1250 2426 de

122 2461 347 2547 inpugnatione
368 2461 466 2527 trIum
488 2461 631 2546 gentium
662 2460 812 2526 liberatus
843 2461 951 2527 contra
971 2461 1090 2544 septem
1112 2462 1248 2547 tantum,

88 2585 200 2649 aquae
223 2584 280 2650 per
300 2566 431 2650 Moysen
453 2566 701 2650 dinumerantur,
729 2564 812 2631 belle
833 2564 992 2649 suscipiet.

164 2686 286 2753 XXIII.
309 2686 397 2768 Quod
419 2703 494 2752 uero
514 2685 649 2752 istarum
677 2684 919 2769 perniciosarum
946 2686 1086 2770 gentium
1108 2686 1250 2771 regiones

125 2789 294 2856 salubriter
315 2789 470 2873 positure
491 2790 709 2875 praeprimur,
725 2787 772 2855 ita
785 2788 990 2874 intellegitur.
1024 2789 1122 2856 habet
1135 2808 1251 2857 unum·

124 2895 266 2978 quodque
298 2894 414 2961 uitium
446 2894 481 2961 in
509 2894 603 2961 corde
631 2895 735 2961 uestro
764 2894 921 2977 propriam
950 2894 1128 2969 stationem,
1155 2912 1249 2977 quam

125 2996 184 3062 sibi
203 2998 368 3064 uindicans
390 2998 425 3063 in
442 2996 565 3063 animae
579 2998 703 3064 nostrae
725 3014 850 3063 raoeseu
864 2996 1054 3065 exterminat
1067 2996 1248 3081 Israhelem,

88 3100 155 3166 aid
182 3104 230 3166 est
256 3100 554 3184 contemplationem
581 3118 688 3166 rerum
720 3117 914 3165 summarum
944 3102 1037 3183 atque
1059 3100 1248 3179 sanctarum,

124 3203 227 3287 eisque
249 3222 373 3288 semper
386 3203 546 3269 aduersari
561 3222 623 3269 non
637 3202 762 3269 desinit.
793 3220 854 3269 non
870 3204 953 3268 enim
969 3203 1100 3286 possunt
1114 3203 1247 3269 uirtutes

124 3325 194 3372 cum
223 3306 313 3374 uitiis
341 3308 462 3391 panter
491 3306 674 3373 conmorari.
713 3324 814 3390 quaa
847 3304 949 3371 enim
980 3302 1249 3388 participatio

124 3408 314 3476 iustitiae
345 3427 430 3475 cnm
458 3410 705 3493 iniquitate?
733 3412 801 3475 aut
829 3426 924 3492 quae
956 3407 1132 3473 societas
1165 3408 1249 3474 luci

226 3596 260 3650 10
278 3596 312 3650 cl.
331 3595 397 3652 (iou.
416 3595 457 3660 15,
477 3594 575 3651 18-21
679 3593 714 3649 21
731 3594 761 3650 Π
779 3594 837 3653 Gor.
856 3595 882 3662 6,
901 3594 933 3649 14

176 3767 296 3835 ladque
319 3764 370 3821 VP
469 3764 655 3837 inexplicabile
675 3766 715 3823 W
815 3764 909 3821 inferri
927 3767 970 3821 D¹
1072 3764 1179 3821 11111)ι

124 3867 323 3939 Idiapereraut
339 3868 439 3926 DWP
464 3868 569 3937 dexper.
591 3868 615 3925 0
705 3870 722 3923 4
739 3858 821 3925 'irati
838 3868 869 3923 D
961 3869 995 3923 10
1012 3869 1120 3923 abraam
1142 3868 1181 3925 W

125 3953 161 4007 12
176 3953 256 4009 decim
275 3955 302 4010 V
396 3956 428 4010 13
446 3954 574 4009 idolatria
592 3954 670 4011 codd.
688 3953 724 4020 of.
742 3954 816 4019 XII,
834 3958 860 4019 2,
878 3958 896 4011 d
993 3954 1079 4025 adque
1100 3952 1181 4009 VOP

125 4038 200 4093 bloet
220 4040 300 4097 VDO
399 4041 432 4097 14
449 4040 524 4095 babt
545 4041 596 4097 ΟΡ
691 4041 724 4097 15
741 4041 817 4111 impii
840 4040 879 4096 W
972 4040 1102 4096 blasfema
1123 4039 1150 4095 V
1175 4040 1248 4095 blas·

126 4160 274 4229 premisl)
379 4161 568 4231 reserpere
671 4161 704 4216 1⁷
721 4161 785 4216 rnre
805 4160 858 4217 ox
959 4162 994 4216 ao
1014 4134 1105 4215 molan
1126 4158 1179 4215 rr>

128 4260 212 4301 mosen
234 4248 272 4304 W
359 4248 392 4301 21
410 4250 514 4302 starum
535 4246 559 4303 0
643 4249 741 4317 pernit.
758 4246 820 4301 DX
905 4248 1011 4317 regione
1028 4247 1058 4302 D
1150 4245 1185 4301 25
1202 4244 1249 4300 ad·

125 4347 176 4401 qua
195 4332 272 4389 VOP
373 4333 408 4388 26
425 4334 534 4404 eiusque
554 4334 603 4391 W¹
699 4334 732 4387 27
751 4334 821 4405 cunr]
841 4332 914 4387 111ι
1011 4333 1046 4387 28
1063 4332 1121 4387 luce
1137 4330 1178 4385 1)ι

1091 4433 1147 4488 10*
