3092 4967
521 418 679 473 Conlatio
702 419 765 485 ΧΠ,
783 423 860 479 6-7.
1186 418 1252 497 345

123 620 265 669 meam:
295 607 333 670 ot
361 606 497 673 eduxit
526 626 583 673 me
614 608 659 674 de
688 611 775 677 lacu
802 614 1007 699 miseriae,
1039 622 1075 683 et
1102 619 1146 685 de
1168 620 1251 688 luto

123 708 264 775 faecis.
309 712 345 773 et
382 708 529 775 statuit
565 729 683 795 supra
717 718 869 798 petram
905 720 1023 800 pedes
1060 740 1177 788 meos:
1214 730 1252 790 et

123 812 276 877 direxit
297 828 455 896 gressus
477 830 590 879 moos.

164 932 244 999 VH.
268 932 362 999 Multi
383 937 459 999 eunt
480 934 564 999 enim
594 936 796 1003 cadmoninc
824 939 940 1020 gradus
966 943 1077 1023 quibus
1100 944 1140 1009 ad
1161 945 1252 1010 illam

102 1036 344 1103 einuiolabilem
365 1037 577 1103 conscenditur
600 1040 781 1121 puritatem.
814 1059 891 1123 quos
914 1042 990 1108 licet
1007 1062 1066 1109 uec
1080 1048 1251 1130 perspicere

121 1159 179 1206 nec
212 1140 378 1205 enundare
409 1136 444 1205 ut
473 1140 603 1223 dignum
632 1144 679 1207 oet
707 1140 809 1208 uirtus
835 1148 942 1211 nostra
963 1144 1111 1227 sufficiat,
1133 1153 1252 1235 tamon,

121 1244 198 1328 quia
228 1244 326 1311 series
355 1242 540 1310 narrationis
563 1244 708 1326 exposcit,
739 1248 908 1311 seeundum
929 1248 1176 1317 mediocritatem
1199 1272 1252 1318 ex·

119 1346 302 1430 parientiae
324 1347 448 1412 nostrae
464 1348 632 1430 utcumque
647 1348 784 1431 proferre
806 1350 1039 1433 temptabimus,
1060 1359 1252 1423 reseruantes

120 1450 316 1535 perfectiora
348 1450 495 1532 perfectis
527 1468 583 1515 nec
618 1453 863 1533 praeiudicantes
896 1453 945 1519 hie
979 1454 1033 1537 qui
1065 1456 1252 1523 feruentiore

90 1555 228 1621 metudio
260 1556 416 1637 puriorem
446 1554 660 1619 castimoniam
689 1555 885 1638 possidentes
912 1559 1028 1640 quanto
1051 1560 1176 1626 maioris
1199 1562 1251 1625 in-

121 1658 267 1723 dustriae
300 1662 383 1738 sunt,
417 1658 507 1723 tanto
540 1659 634 1723 etiam
668 1658 877 1740 perspicaciae
909 1661 1016 1744 uigore
1048 1664 1250 1745 praecellunt.

120 1761 257 1845 proinde
283 1780 335 1826 sex
364 1760 510 1845 gradibus
542 1760 616 1825 licet
648 1762 750 1826 multa
780 1781 799 1827 a
828 1780 862 1826 so
889 1764 1027 1828 inuicem
1056 1764 1282 1833 sublimitatoi

120 1864 319 1930 demotites
354 1864 480 1947 fastigia
516 1862 670 1930 castitatis
703 1866 861 1945 praecelsa
897 1868 1089 1951 distinguam
1126 1868 1182 1949 ita,
1217 1872 1253 1936 ut

121 1973 280 2054 quaedam
310 1968 413 2033 media
442 1984 519 2050 quae
547 1967 652 2031 tamen
674 1966 777 2033 multa
798 1970 873 2035 sunt
893 1971 1152 2051 praetermittam,
1176 1991 1251 2055 quo·

88 2094 196 2140 urum
228 2071 390 2137 subtilitas
420 2070 466 2135 ita
494 2070 644 2135 humanos
674 2070 866 2153 subterfugit
896 2091 1016 2154 sensus,
1046 2076 1085 2138 ut
1105 2092 1174 2139 eam
1195 2094 1253 2141 uec

121 2194 214 2241 mene
237 2175 389 2258 inspicere
412 2190 468 2239 neo
489 2173 629 2255 proloqui
651 2174 761 2256 lingua
781 2177 971 2257 praeualeat,
999 2178 1113 2259 quibus
1135 2179 1251 2245 senaim

121 2278 283 2345 castitatis
320 2276 416 2361 ipsius
459 2275 609 2359 perfectio
653 2276 817 2341 cotidianis
864 2276 1051 2360 profectibus
1091 2280 1251 2346 adolescit.

121 2381 298 2448 secundum
327 2379 564 2445 similitudinem
594 2397 726 2462 namque
759 2398 921 2465 corporum
947 2384 1149 2462 terrenorum,
1173 2402 1251 2466 quae

121 2486 262 2570 singulis
296 2483 403 2549 diebus
435 2482 660 2547 insensibiliter
688 2483 737 2547 sui
767 2484 897 2566 capiunt
926 2484 1117 2551 incrementa
1145 2489 1178 2551 et
1207 2489 1253 2551 ita

89 2594 202 2656 eodum
236 2586 381 2652 nesciant
413 2586 451 2650 ad
484 2586 656 2668 perfectum
693 2583 837 2651 habitum
873 2585 1095 2668 prouehnntur,
1129 2589 1252 2655 animae

122 2710 249 2779 quoque
271 2692 363 2757 robur
385 2707 421 2755 ac
442 2690 608 2754 maturitas
631 2688 783 2754 castitatis
798 2689 983 2772 adquiritur.
1009 2690 1130 2772 primus
1144 2692 1282 2775 itaqueb

120 2794 297 2884 pudicitiae
341 2794 456 2876 gradus
499 2796 555 2875 eet,
605 2811 644 2859 no
687 2792 823 2876 uigilans
865 2793 1091 2878 inpugnatione
1134 2795 1253 2861 carnali

122 2898 300 2967 monachus
344 2896 486 2974 elidatur,
531 2896 694 2973 secundus,
739 2915 779 2960 ne
814 2914 903 2962 mens
939 2897 1026 2962 illiue
1067 2898 1253 2981 uoluptariis

122 3000 369 3088 cogitationibus
399 2998 578 3082 inmoratur,
608 2999 730 3075 tertius,
761 3018 802 3063 ne
824 3000 957 3066 femineo
979 3000 1031 3065 uel
1053 3000 1192 3066 orditer
1213 3004 1253 3067 ad

87 3103 409 3188 seconcupieoentiam
440 3106 603 3167 moueatur
632 3102 768 3183 aspectu,
799 3103 939 3184 quartus,
970 3121 1008 3168 ne
1036 3104 1171 3187 uigilans
1201 3103 1253 3169 uel

122 3210 304 3294 simplicem
327 3205 428 3272 carnis
450 3205 585 3287 perferat
605 3208 737 3283 motum,
764 3206 902 3288 quintus,
917 3224 968 3283 no,
983 3224 1056 3271 cum
1070 3207 1253 3271 memoriam

122 3310 337 3399 generationis
360 3312 514 3376 humanae
536 3310 589 3375 uol
611 3309 765 3374 tractatus
796 3310 875 3375 ratio
897 3310 949 3375 uel
971 3308 1139 3376 necessitas
1161 3308 1253 3374 lecti·

124 3418 196 3483 onie
238 3414 415 3497 ingesserit,
453 3411 677 3479 subtilissimus
718 3416 858 3479 mentem
893 3410 1087 3495 uoluptsriae
1122 3411 1253 3477 actionis

123 3518 321 3605 perstringat
354 3516 512 3594 adsensus,
549 3518 603 3582 sed
640 3517 727 3582 uelut
758 3533 836 3600 opus
865 3516 1021 3598 quoddam
1053 3514 1184 3598 simplex
1216 3533 1253 3581 ac

179 3759 272 3814 lloto
290 3757 330 3810 Πί
431 3755 531 3811 flecis
547 3756 609 3809 nr
634 3756 690 3811 fece
709 3756 735 3809 0
836 3770 914 3825 super
931 3754 961 3807 ll
978 3754 1057 3825 Valp.
1159 3756 1254 3824 δραι

125 3862 238 3917 gressus
260 3859 333 3898 meos
355 3842 483 3898 additam
506 3848 546 3898 cst
568 3845 600 3898 ia
622 3842 663 3895 ll:
691 3857 776 3912 nequo
798 3841 843 3895 hic
942 3841 961 3894 4
982 3841 1052 3895 anim
1076 3842 1141 3896 suut
1163 3841 1189 3892 Τ

126 3934 220 4003 {aquo
241 3929 344 3985 scilicet
365 3928 448 3983 ΣΠΟ
547 3930 565 3985 8
590 3928 764 3985 temtauimua
792 3928 820 3979 Σ
923 3927 957 3981 10
982 3927 1094 3981 macros
1119 3925 1187 3979 11¹0

128 4018 163 4073 13
180 4020 212 4073 ut
229 4032 281 4072 ora.
298 4017 327 4067 Σ
430 4016 463 4070 17
481 4016 597 4085 perfecto
614 4017 643 4067 Σ
745 4014 838 4069 cottid.
856 4015 882 4066 Τ
982 4012 1015 4066 19
1032 4013 1128 4069 insius.
1145 4014 1186 4064 Πι

126 4105 165 4159 w
179 4101 381 4175 praedabuntur
398 4102 427 4154 Σ
518 4102 553 4157 a1
571 4101 650 4156 robor
667 4102 726 4154 ΠΤ
811 4100 893 4155 rubor
912 4100 937 4153 0
1030 4100 1141 4154 cautim
1157 4100 1186 4150 Σ

127 4191 165 4246 22
181 4190 223 4261 ne]
241 4188 286 4244 uti
303 4204 337 4243 ne
354 4190 380 4241 Y
478 4188 513 4244 23
530 4188 690 4244 uoluntariis
707 4189 733 4240 Τ
830 4186 866 4242 24
882 4187 935 4257 uel]
953 4202 1001 4241 nec
1017 4185 1048 4238 Il
1141 4185 1176 4240 26
1194 4200 1254 4239 eum

129 4292 159 4330 m
176 4274 333 4331 memoriam
351 4274 379 4325 Σ
475 4274 509 4328 27
526 4274 654 4330 lectiones
670 4274 709 4325 Πι
803 4273 838 4328 28
855 4273 946 4342 cuptil.
964 4272 993 4324 Σ
1086 4271 1254 4326 uoluntariae

129 4364 186 4417 ΤΟ
286 4360 320 4415 29
337 4360 419 4415 uelud
437 4362 462 4413 l*
