3092 4967
265 455 331 523 560
663 456 831 512 Iohannis
854 456 1000 514 Cassian

239 647 358 715 lssnsu
380 645 525 733 indigens
545 646 746 713 sociabiliter
768 646 972 712 admisisset?
994 646 1070 713 haec
1091 666 1166 733 ergo
1181 653 1215 714 et
1230 650 1341 716 cetera
1358 649 1412 716 bis

267 751 389 818 similia
418 750 608 817 detrimenta
635 750 766 833 quisque
788 752 996 833 perpenderit,
1026 768 1090 818 ncn
1118 753 1222 817 solum
1250 755 1412 819 uniuersa

266 856 450 925 damnorum
487 872 611 939 genera,
647 854 701 919 ssd
738 854 836 920 mam
872 854 1058 920 iniuriarum
1095 856 1189 939 atque
1225 873 1412 939 poenarum

268 976 478 1043 quascumque
499 960 632 1040 possunt
655 977 675 1023 a
696 957 922 1024 crudelissimis
935 958 1074 1042 inrogari
1096 958 1182 1025 incili
1207 960 1412 1025 sustentati·

266 1080 324 1131 oue
359 1062 517 1146 despiciet,
555 1061 636 1128 nihil
672 1060 903 1144 dispendiosius
935 1062 1099 1129 iracundia
1133 1080 1190 1127 uec
1228 1063 1447 1145 praticsiuss

266 1165 499 1250 tranquillitate
522 1164 623 1233 animi
641 1182 678 1231 ac
699 1166 848 1250 perpetua
877 1165 978 1231 cordis
1010 1166 1058 1231 sui
1080 1164 1226 1231 iudicans
1247 1166 1414 1248 puritas,

267 1268 306 1337 ob
343 1287 437 1353 quum
474 1287 534 1335 non
573 1269 673 1335 solum
710 1270 896 1345 carnalium,
933 1269 988 1335 sed
1024 1268 1287 1335 attaminatum
1324 1288 1413 1354 quae

266 1373 426 1457 spiritales
455 1374 602 1441 uidentur
631 1392 735 1439 rerum
765 1374 939 1456 metuenda
967 1375 1045 1439 sunt
1071 1372 1242 1451 minoda,
1267 1374 1299 1439 si
1325 1375 1413 1440 alias

267 1478 389 1561 adquiri
410 1478 463 1544 nel
484 1477 594 1563 perlici
614 1478 674 1545 nisi
697 1498 767 1545 oum
791 1478 883 1544 huius
906 1476 1150 1560 tmnqmllitstis
1165 1478 1413 1559 perturbatione

265 1600 326 1651 usu
348 1581 489 1665 possunt.
1421 1602 1447 1642 ro

309 1700 378 1768 XV.
403 1718 604 1769 cuaunuvs:
639 1700 725 1769 Sicut
759 1706 934 1770 ceterorum
967 1704 1143 1782 uulnerum,
1179 1701 1212 1767 id
1245 1703 1299 1768 est
1331 1704 1412 1783 irae,

268 1806 425 1887 tristitiae,
455 1807 670 1890 inpatientiae,
704 1824 759 1890 per
791 1808 998 1873 abiectionem
1032 1804 1260 1873 contrariarum
1297 1825 1411 1872 rerum

267 1908 402 1975 medella
424 1913 598 1976 monstrata
620 1913 677 1992 est,
702 1912 748 1977 ita
771 1912 866 1979 etiam
890 1915 998 1977 contra
1015 1912 1162 1993 spiritum
1178 1909 1412 1977 fornicationis

269 2014 350 2095 quod
374 2015 544 2079 curationis
566 2032 665 2099 genus
687 2034 744 2081 nos
767 2016 912 2098 oporteat
934 2014 1082 2081 adhibere
1104 2014 1250 2079 uolumus
1267 2013 1410 2092 edoceri,

268 2116 300 2181 id
337 2119 384 2180 est
421 2120 527 2182 utrum
571 2120 838 2204 concupiscentiae
880 2120 963 2203 iguis
1007 2118 1174 2203 propositis
1210 2115 1300 2182 siant
1339 2116 1444 2183 illicia

268 2218 441 2285 maioribus
463 2222 682 2288 indictionum
712 2224 891 2307 augmentis
912 2225 1013 2307 possit
1035 2222 1191 2305 extingui:
1215 2222 1302 2305 quod
1326 2220 1410 2286 satis

268 2322 406 2389 castitati
428 2322 582 2391 credimus
605 2344 672 2391 essa
695 2328 898 2405 contrarium,
925 2326 953 2391 si
975 2326 1153 2390 nouaclum
1170 2328 1412 2409 exaggerentur

267 2427 300 2491 in
331 2428 419 2493 nobis
443 2428 583 2495 libidinis
606 2430 775 2510 lucentius,
806 2432 859 2497 sed
882 2430 935 2496 nel
956 2429 1173 2513 praetereunte
1195 2426 1411 2512 adtingantur

266 2532 381 2596 mentis
403 2532 531 2599 intuitu.

308 2652 394 2718 XVI.
417 2670 607 2722 rossanus:
630 2654 860 2737 Quaestionem,
883 2672 961 2738 quae
984 2657 1082 2719 etism
1105 2650 1287 2719 tacentibus
1311 2650 1442 2719 nobisso

267 2756 476 2821 uenationem
500 2761 641 2824 nostram
663 2758 765 2823 fuerat
787 2761 946 2838 secutura,
962 2774 1057 2843 sagax
1072 2754 1278 2839 interrogatio
1296 2758 1409 2820 uestra

266 2860 440 2941 praeuenit,
464 2861 496 2926 et
525 2860 639 2928 idcirco
662 2862 831 2929 efficaciter
853 2882 921 2928 eam
944 2862 1086 2928 sensibus
1116 2860 1231 2927 uestris
1260 2858 1408 2944 concipi·

268 2962 380 3028 endum
403 2982 470 3029 esse
484 2983 547 3030 nou
563 2965 697 3049 ambigo,
716 2970 836 3051 quaudo
852 2964 994 3050 equidem
1008 2963 1243 3032 institutionem
1258 2967 1408 3027 nostram

267 3084 397 3133 acumen
419 3068 518 3133 uestri
539 3069 709 3151 praecessit
738 3069 869 3155 ingenii.
906 3071 971 3134 sine
994 3063 1100 3133 labore
1122 3067 1206 3131 enim
1230 3064 1408 3133 cuiuslibet

267 3170 460 3254 quaestionis
497 3172 690 3239 dilucidatur
725 3171 913 3257 obscuritas,
957 3190 1030 3238 oum
1066 3170 1296 3237 absolutionem
1336 3169 1439 3234 eiusce

268 3276 442 3358 anticipans
457 3274 621 3360 inquisitio
637 3292 696 3358 quo
713 3276 853 3341 ducenda
867 3282 915 3342 est
931 3274 1099 3341 antecedit.
1129 3274 1237 3356 itaque
1251 3268 1406 3337 remediis

267 3378 392 3461 quidem
414 3380 541 3445 illorum
565 3398 643 3464 quae
666 3380 917 3464 supradiximus
944 3379 1093 3444 uitiorum
1116 3395 1176 3442 uon
1200 3366 1303 3441 solum
1317 3373 1405 3439 nibil

267 3480 418 3564 officiunt,
449 3502 559 3550 nerum
590 3484 684 3551 etiam
714 3485 853 3550 multum
881 3482 1046 3551 conserunt
1071 3482 1210 3546 bumana
1231 3477 1403 3544 consortia

238 3588 340 3655 inam
369 3586 545 3670 frequentia
578 3587 785 3672 inpatientiae
814 3606 886 3653 suae
917 3586 1055 3653 crebrius
1086 3582 1249 3666 patefacta
1280 3584 1403 3664 quanto

319 3894 337 3949 4
355 3894 508 3949 faciliusiu
526 3894 706 3964 temptatione
724 3894 782 3948 BF
882 3894 900 3949 b
921 3891 1046 3964 dispiciat
1069 3890 1097 3945 Z
1198 3887 1402 3959 despondiosius

268 3980 327 4035 BF
426 3980 514 4034 dhac
527 3980 558 4035 F
657 3982 675 4036 8
697 3978 821 4034 uidentur
843 3976 883 4033 17¹
986 3974 1185 4047 squamma*
1284 3973 1317 4028 12
1335 3987 1401 4028 ccu-

268 4066 414 4121 turiorum
432 4064 473 4119 11¹
577 4066 611 4120 13
629 4065 735 4122 medalu
748 4063 868 4120 ΒΨΖ·
895 4062 1038 4118 medellam
1057 4060 1083 4118 0
1181 4058 1401 4114 luminarunt·

268 4152 309 4207 ΒΙ
393 4152 427 4208 16
444 4153 535 4205 uum
555 4150 660 4208 BFO⁸:
688 4152 779 4205 utrum
791 4150 875 4205 suen
895 4149 975 4220 Oidc
1055 4146 1089 4202 1s
1105 4145 1280 4201 incitationis
1291 4145 1328 4214 βε

271 4239 304 4293 18
315 4236 499 4307 adtinguntur
509 4236 724 4293 muniamus
737 4236 830 4293 BFOs
856 4232 1044 4289 meutiaooulo
1055 4231 1273 4301 perstringuntur
1288 4229 1327 4299 βυ

268 4322 304 4379 20
329 4338 348 4395 p
374 4338 441 4393 quse
468 4320 508 4379 Bt
609 4324 654 4378 23
670 4322 777 4393 qnando
803 4321 926 4392 equidem
952 4320 1057 4376 BF'O:
1088 4318 1197 4390 quaudo
1221 4316 1331 4388 quidm
1358 4314 1405 4370 P

268 4409 308 4479 βυ
408 4410 443 4465 26
460 4410 553 4479 itaque
569 4409 602 4465 de
620 4408 679 4464 BF
1042 4424 1045 4431 ·
1535 4417 1536 4426 ¹
