3092 4967
537 504 694 560 Conlatio
714 505 809 572 XIIII,
827 506 903 563 ‘l-s
1220 512 1287 579 405

149 700 194 762 et
217 694 350 762 seruit
379 714 464 761 enm
494 692 603 761 filiis
633 695 728 761 suis.
766 714 908 782 anagoge
930 716 1006 765 nero
1027 698 1066 763 de
1087 700 1316 783 spiritalibnsil

149 800 317 883 mysteriis
339 801 377 864 ad
393 797 577 864 sublimiora
592 800 744 881 quaedam
760 800 793 863 ot
807 798 977 865 naoratiora
992 801 1148 867 saelorum
1165 807 1286 869 seurota

147 901 367 968 oonsoendens
382 900 422 966 ab
441 901 578 983 apostolo
601 901 646 965 ita
668 902 837 967 subieilnr:
861 920 957 985 qnae
979 906 1109 970 autom
1131 924 1284 972 sursum

147 1008 214 1073 est
238 1004 491 1071 Hierusalem
520 1005 648 1072 libere
674 1011 751 1087 ost,
781 1024 878 1090 quae
900 1009 961 1073 est
985 1008 1111 1074 mater
1131 1012 1283 1074 nostra.

124 1110 351 1191 asoriptum
373 1110 433 1173 est
455 1106 571 1173 onim:
595 1108 749 1174 laetare
772 1109 933 1175 sterilis
952 1128 1050 1193 quae
1068 1129 1141 1178 non
1158 1112 1283 1194 paris,

147 1230 317 1295 erumpe
354 1214 392 1276 ot
429 1210 556 1276 elama
593 1228 695 1293 qnae
739 1230 812 1277 non
857 1214 1056 1298 parturis,
1100 1214 1284 1298 quoniam

147 1315 274 1381 multi
305 1314 391 1380 filii
422 1316 609 1378 desertae
638 1314 762 1397 magis
793 1332 905 1397 quarn
932 1316 1019 1381 eius
1042 1317 1284 1399 quaelebet

146 1419 303 1484 uirum.
341 1417 517 1499 tropologia
547 1420 595 1481 est
617 1416 744 1482 moralis
768 1417 1007 1500 explanationi
1030 1419 1284 1487 emundationem

146 1523 240 1588 uitae
264 1524 297 1585 et
318 1519 553 1586 instructionem
575 1520 734 1602 pertinens
748 1522 913 1597 annalem,
936 1522 1025 1587 nelnt
1040 1522 1068 1586 si
1083 1523 1159 1589 haoo
1174 1524 1282 1589 eadem

109 1625 214 1691 rodno
238 1624 430 1689 testamenta
456 1622 680 1706 intellegamus
703 1616 885 1708 πρακτικὴν
907 1627 939 1689 et
959 1625 1166 1692 theoretioam
1188 1625 1281 1693 ‹lisoi-

145 1728 287 1812 plinam‚
318 1726 370 1791 uel
399 1727 482 1791 oerte
512 1726 539 1791 si
563 1727 761 1792 Hierusalem
790 1729 845 1793 ant
875 1726 947 1793 Sion
979 1728 1117 1795 animam
1147 1730 1284 1796 hominis

145 1832 291 1897 uelimus
315 1828 453 1911 aooipere
475 1830 644 1895 seeundum
667 1828 763 1897 illud:
795 1831 910 1896 lauda
932 1830 1191 1897 Hierusalem
1221 1833 1283 1899 do·

144 1934 324 1999 minum:
362 1934 486 1998 landa
523 1933 636 1998 deum
673 1934 787 1998 tuum
822 1933 927 2000 Sion.
975 1936 1071 2019 igilur
1105 1936 1314 2020 praediotae4

145 2040 306 2121 quattuor
328 2036 445 2119 liguros
470 2036 504 2101 in
526 2054 623 2100 unum
646 2037 701 2117 ita,
732 2038 759 2101 si
782 2038 937 2120 nolumus,
961 2038 1131 2121 confluunt,
1163 2041 1199 2105 ut
1220 2058 1284 2105 una

110 2144 251 2223 satque
273 2142 378 2205 eadem
396 2139 594 2205 Hierusalem
608 2140 798 2222 quadrifarie
814 2142 911 2223 possit
926 2140 1088 2227 intellegi:
1111 2144 1283 2208 seeundum

109 2282 114 2293 ·
144 2242 322 2309 historiam
356 2242 468 2307 ciuitas
501 2242 697 2320 Iudaeorum,
733 2246 903 2309 seeundum
937 2243 1122 2329 allegoriam
1155 2246 1283 2311 eeclesia

145 2344 286 2427 Christi,
317 2346 489 2409 seeundum
519 2362 681 2430 anagogen
713 2346 825 2411 ciuitas
847 2348 896 2411 dei
919 2348 978 2413 illa
1000 2348 1154 2428 caelestis,
1185 2365 1283 2430 quae

145 2452 215 2516 est
239 2451 367 2514 mater
389 2448 559 2514 omniurn
583 2450 778 2525 nostrum,
802 2450 973 2514 seeundum
992 2451 1199 2533 tropologiam
1214 2452 1283 2515 nni·

144 2574 204 2619 ma
231 2552 376 2631 hominis,
407 2568 487 2634 quas
516 2550 692 2636 frequenter
715 2551 775 2615 hoo
796 2553 922 2617 nomine
943 2555 1000 2617 aut
1028 2554 1204 2635 increpatur
1227 2555 1285 2619 ant

108 2656 306 2723 „landetur
327 2674 346 2720 a
367 2655 501 2721 domino.
540 2656 578 2719 de
604 2654 653 2719 his
682 2656 833 2736 quattuor
862 2654 1160 2735 interpretationum
1188 2672 1281 2738 gene·

144 2760 243 2826 ribus
268 2757 377 2823 beatus
399 2759 557 2839 apostolus
579 2758 627 2823 ita
649 2756 743 2823 dioit:
766 2774 868 2823 nuno
889 2762 1035 2837 autem,
1059 2757 1223 2835 iratres,
1245 2761 1284 2831 ‚si

145 2878 297 2927 uenero
321 2860 367 2925 ai
389 2878 455 2925 uos
479 2858 631 2941 linguis
654 2860 831 2942 loquens,
855 2860 1079 2943 quidnobis
1101 2861 1284 2944 prodero,

145 2964 234 3031 nisi
259 2962 369 3028 uobis
392 2963 528 3044 loquar
550 2968 616 3027 aut
638 2964 675 3028 in
697 2962 942 3028 reuelatione
963 2965 1031 3029 aut
1052 2966 1089 3029 in
1112 2965 1284 3030 seientia

145 3069 223 3136 aut
244 3066 284 3131 in
307 3066 516 3151 prophetia
537 3068 605 3131 aut
626 3067 666 3130 in
688 3066 897 3133 lontrina?
918 3067 1069 3131 reuelatio
1088 3085 1221 3150 namque
1244 3066 1314 3133 adli

108 3169 338 3253 asellegoriam
362 3170 508 3251 pertinet,
531 3187 587 3250 per
610 3185 704 3251 quam
721 3188 757 3234 ea
772 3186 851 3251 quae
873 3169 955 3252 legit
978 3168 1127 3235 historica
1144 3170 1284 3236 narratio

145 3273 294 3359 spiritali
324 3290 417 3338 sensu
446 3278 479 3337 el
509 3270 697 3353 expositione
727 3275 922 3335 reserantur:
956 3272 994 3336 ut
1020 3271 1111 3335 uerbi
1131 3272 1234 3355 gratia
1256 3274 1283 3339 si

145 3378 236 3444 illud
253 3378 370 3459 aperire
386 3379 587 3458 temptemus,
611 3374 873 3457 quemadmodum
895 3374 1033 3457 patres
1055 3374 1186 3441 nostri
1209 3391 1283 3439 om·

146 3499 221 3547 nes
245 3478 316 3543 sub
339 3478 441 3543 nube
463 3477 632 3555 luerint,
656 3478 695 3541 at
718 3493 849 3540 omnes
871 3476 911 3541 in
932 3474 1061 3560 Mopsi
1082 3475 1284 3561 baptizati

259 3665 321 3721 ³1.
348 3682 370 3719 o.
398 3662 500 3719 26-27
618 3662 651 3719 12
677 3662 721 3717 Pa.
749 3664 809 3729 147,
838 3662 870 3717 12
983 3663 1015 3718 17
1042 3662 1102 3717 Gal
1129 3664 1154 3730 4,
1181 3662 1215 3718 26
1331 3681 1340 3697 ·

144 3755 183 3808 21
204 3752 219 3806 1
239 3750 393 3817 cnr.14,a
495 3748 640 3806 271001.
661 3750 701 3817 10,
723 3748 791 3803 1-4

206 3926 221 3979 1
248 3936 391 3991 anagogen
419 3922 479 3975 ΣΟ
592 3922 610 3976 2
636 3921 767 3975 misteriis
794 3920 854 3973 ΠΟ
968 3921 986 3975 5
1012 3919 1119 3974 sterelia
1144 3919 1216 3972 11¹0

146 4016 166 4068 li
191 4010 320 4081 qnoniam
342 4008 413 4063 ΣΟε
445 4010 508 4077 quia
528 4010 606 4063 liro
624 4014 650 4063 et
672 4008 753 4079 Vulp·
862 4006 880 4060 8
906 4005 1113 4060 aemulationem
1140 4006 1169 4057 Σ
1197 4020 1285 4061 emen·

146 4099 292 4153 dationem
309 4094 384 4149 'I'Oo
488 4095 521 4148 10
537 4094 727 4149 theorioamO
832 4092 865 4146 15
881 4090 1078 4161 quadrifariam
1095 4092 1147 4161 Hp
1174 4089 1285 4159 quadri·

148 4186 224 4240 faria
249 4182 274 4236 Ο
379 4180 412 4235 16
435 4180 571 4235 eeclesiam
596 4180 624 4232 Σ
728 4180 761 4234 18
784 4181 937 4233 nostrornm
955 4176 1016 4230 ΠΟ
1118 4176 1153 4231 20
1169 4178 1286 4245 quatuor

148 4270 177 4321 'P
280 4266 687 4321 animumanimumum
787 4266 823 4319 24
845 4264 911 4334 prol.
928 4264 959 4315 Π
1059 4262 1095 4317 25
1111 4262 1192 4331 tegit]
1211 4261 1285 4330 gerit

149 4355 181 4405 Σ
286 4350 320 4407 21
335 4354 480 4406 tentemus
499 4350 578 4419 Σ(0)
682 4352 716 4406 28
738 4350 848 4405 luerunt
865 4347 952 4402 nro
1054 4350 1083 4403 et
1100 4348 1129 4401 in
1146 4361 1238 4401 omnes
1256 4349 1285 4400 in

149 4441 184 4493 Σ
285 4452 361 4509 mosy
379 4439 407 4490 Σ
435 4452 525 4507 mopso
541 4438 568 4489 ‘l'
594 4434 746 4507 moysenO
