3092 4967
499 428 660 485 Oculatis
682 428 802 494 XVIIII,
821 426 931 481 14-16.
1215 428 1277 498 551

146 620 255 705 magis
282 618 448 686 adsiduum
477 618 632 703 superatis
665 620 803 685 dolorem
835 617 1070 701 conpunctionis
1103 617 1279 695 intulerint,

148 728 240 790 tanto
268 724 460 791 selectorum·
482 722 698 789 laborantibus
727 722 892 788 conferunt
917 720 1095 786 sanitatem.
1132 722 1171 786 ob
1197 722 1279 805 quod

146 830 247 895 edam
271 828 305 893 in
326 828 496 893 solitudine
517 826 731 901 consistentes,
754 844 827 891 cnm
842 825 1060 890 imitationum
1075 824 1278 909 fomesatpne

146 930 286 997 matoria
308 931 347 996 ab
370 930 551 996 bominibus
573 949 634 996 non
662 930 761 1014 possit
789 946 960 1011 exsurgere,
983 932 1091 993 tamen
1112 933 1279 999 earundem

126 1036 354 1101 uincitamenta
375 1035 523 1101 debemus
547 1036 643 1100 etiam
659 1033 696 1099 de
712 1033 865 1100 industria
879 1034 1059 1109 retractare,
1075 1038 1112 1099 nt
1125 1035 1278 1101 aduersus

144 1156 183 1207 aa
205 1138 275 1221 iugi
298 1137 523 1221 cogitationum
547 1138 779 1207 conluctations
799 1138 1012 1221 pugnantibus
1035 1138 1123 1203 nobIs
1144 1139 1279 1204 medella

144 1242 323 1326 promptior
338 1242 523 1307 conferatur.
553 1242 661 1307 contra
676 1243 821 1323 spiritum
836 1258 909 1307 uero
924 1240 1138 1307 fornicationis
1153 1239 1307 1307 diuersa3

144 1346 228 1411 ratio
260 1348 292 1410 et
321 1344 426 1427 dispar
456 1348 503 1411 ost
533 1363 636 1411 causa.
674 1362 748 1410 nam
779 1345 1039 1428 quemadmodum
1062 1345 1180 1428 corpori
1203 1363 1276 1411 usus

144 1448 290 1514 libidinis
328 1450 490 1531 carnisque
526 1448 650 1531 uicinia,
687 1450 733 1515 ita
766 1448 863 1514 etiam
895 1448 996 1513 menti
1026 1448 1176 1513 memoria
1212 1450 1277 1515 eins

111 1553 275 1635 inpunitus
289 1551 512 1620 subtrahenda.
545 1552 624 1617 satis
639 1551 722 1615 enim
739 1552 948 1635 perniciosum
964 1553 1014 1617 est
1027 1552 1128 1617 adbuc
1142 1550 1276 1617 infirmis

143 1656 322 1738 aegrisque·
348 1656 523 1739 pectoribus
560 1655 612 1719 nel
651 1654 868 1719 tenuissimam
905 1656 1151 1721 recordationem
1184 1656 1278 1723 huius

142 1759 301 1842 passionis
318 1758 493 1843 admittere,
509 1760 556 1824 ita
572 1758 608 1823 nt
623 1774 858 1840 nonnumquam
873 1759 918 1822 eis
931 1760 1028 1823 etiam
1040 1758 1097 1824 sub
1109 1758 1278 1825 recordati·

143 1880 202 1928 one
234 1866 416 1929 sanctarum
446 1862 634 1927 feminarum
664 1862 717 1927 uel
743 1862 802 1927 sub
833 1879 940 1928 sacrae
973 1861 1115 1928 lectionis
1145 1861 1279 1928 historia

142 1966 259 2031 noxiae
288 1966 482 2032 titillationis
511 1966 662 2031 stimulus
690 1964 851 2030 excitetur.
892 1965 981 2031 cuius
1014 1984 1107 2031 cansa
1139 1967 1277 2033 seniores

109 2070 247 2135 ranostri
277 2069 491 2135 huiuscemodi
521 2069 670 2135 lectiones
700 2070 757 2134 sub
787 2069 963 2151 praesentit
992 2068 1149 2134 iuniorum
1175 2073 1278 2137 solent

142 2172 377 2238 consultissime
405 2173 587 2255 praeterire.
624 2190 698 2237 sane
727 2172 875 2255 perfectis
897 2176 930 2238 et
951 2173 1075 2239 adiectu
1097 2175 1160 2240 iam
1183 2177 1276 2241 casti·

140 2277 269 2343 moniaa
292 2276 516 2343 consummatis
537 2277 736 2360 probationes
763 2276 874 2358 quibus
899 2276 1074 2342 examinare
1096 2296 1128 2343 se
1150 2280 1275 2345 ualeant

141 2378 254 2445 deesse
284 2398 345 2445 non
374 2383 515 2463 possunt,
547 2381 660 2463 quibus
690 2380 830 2463 perfecta
858 2399 965 2445 eorum
988 2381 1087 2446 cordis
1110 2382 1277 2467 integritas

140 2482 325 2566 incorrupto
356 2484 561 2550 conscientias
595 2502 671 2549 anae
701 2484 815 2549 indicio
851 2482 1069 2565 conprobetur.
1110 2485 1171 2550 erit
1203 2484 1307 2569 ergo4

107 2591 360 2653 »consummato
390 2589 555 2653 dumtaxat
584 2588 651 2653 uiro
681 2586 797 2653 similis
824 2587 918 2652 etiam
942 2606 1034 2670 snper
1056 2588 1114 2653 hac
1135 2592 1277 2670 passione

140 2689 298 2774 probatio,
328 2693 364 2757 nt
393 2691 447 2775 qni
475 2709 508 2757 se
536 2691 657 2757 radices
691 2690 793 2755 morbi
820 2689 912 2756 huius
946 2692 1072 2773 penitus
1107 2695 1277 2776 extirpasse

141 2792 327 2877 cognouerit
349 2794 554 2876 explorandae
575 2794 678 2879 gratia
693 2792 849 2859 castitatis
864 2794 1122 2877 imagInationem
1138 2798 1275 2880 aliquam

141 2894 341 2961 inlecebrosa
361 2896 467 2963 mente
490 2894 655 2979 concipiat.
694 2896 832 2960 ceterum
855 2894 894 2961 ab
911 2896 961 2960 his
976 2898 1031 2980 qni
1046 2898 1147 2964 adhuc
1160 2900 1275 2967 infirmi

139 3000 220 3064 sunt
241 2998 322 3063 hanc
345 2996 606 3064 examinationem
629 2998 810 3063 nullatenus
834 3001 979 3065 conuenit
995 3001 1185 3085 adtemptari
1203 3006 1276 3087 (erit

106 3100 231 3169 saenim
264 3102 309 3169 eis
342 3102 443 3187 magis
477 3102 649 3187 perniciosa
682 3121 777 3185 quam
808 3103 924 3187 utilis),
958 3109 995 3170 nt
1024 3105 1275 3173 coniunctionem

139 3204 312 3271 femineam
335 3209 366 3271 et
388 3206 601 3290 palpationem
624 3205 850 3290 quodammodo
878 3210 1018 3273 teneram
1039 3210 1132 3291 atque
1154 3209 1274 3276 mollis-

139 3309 257 3377 simam
294 3311 382 3377 corde
418 3311 622 3393 pertractent.
669 3329 739 3376 cum
777 3330 850 3397 ergo
883 3312 1021 3395 perfecta
1053 3312 1123 3395 qais
1156 3310 1306 3379 uirtuteb

140 3410 296 3479 fundatus
318 3413 358 3479 ad
380 3412 574 3479 inlecebram
603 3414 880 3481 blandissimornm
910 3419 1063 3493 tactuum,
1092 3434 1168 3499 qnos
1191 3418 1275 3499 cogi·

138 3516 238 3584 tando
261 3516 455 3613 confimarit,
478 3518 602 3583 nullum
624 3520 740 3585 mentIs
763 3518 939 3599 adsensum,
967 3519 1087 3585 nnllam
1110 3520 1275 3585 commoti·

192 3858 211 3912 3
229 3856 316 3927 adqno
333 3858 371 3912 B¹
457 3859 632 3913 amatorium
647 3859 675 3913 Β
762 3858 925 3915 omnibnsO
1010 3874 1135 3928 exurgere
1153 3860 1207 3916 FO

141 3943 273 4013 baum?
357 3942 461 4000 medela
478 3944 594 4000 B¹F¹Z²
622 3944 764 4001 medellam
785 3945 808 4002 O
895 3947 913 4001 8
931 3946 1160 4015 quemammodum
1177 3946 1206 4002 B

143 4027 161 4083 9
178 4028 420 4085 llbidinia....10
438 4031 543 4100 penitus
561 4030 611 4086 sub
628 4048 680 4087 om.
697 4032 728 4087 F
810 4031 912 4086 uicinia
930 4031 995 4087 BO:
1022 4032 1150 4087 uicinitaa
1166 4032 1206 4102 βυ

141 4113 183 4170 ita
200 4114 296 4170 mac
380 4116 438 4171 elna
450 4116 527 4172 1³¹0:
554 4118 666 4173 eiuseat
683 4118 722 4188 βυ
809 4116 1068 4187 ropsnitusost13²
1153 4118 1188 4172 13
1199 4119 1275 4175 uelut
1340 4131 1343 4142 “

141 4199 192 4255 sub
204 4201 224 4271 β
303 4202 389 4256 storia
402 4201 468 4257 Oct
479 4204 546 4259 salet
627 4204 660 4259 16
672 4220 734 4259 sane
747 4209 773 4259 at
785 4204 844 4273 rel]
856 4204 891 4258 de
902 4204 951 4259 bne
962 4205 1019 4260 ioco
1031 4204 1067 4272 cf.
1080 4204 1205 4275 Proteos.

142 4286 208 4358 Iam]
233 4286 307 4342 niam
332 4286 372 4343 F¹
402 4288 447 4344 nia
470 4289 509 4345 F·
612 4290 644 4345 19
671 4289 805 4359 comprob.
832 4289 892 4345 BF
993 4291 1025 4345 21
1053 4291 1161 4360 crabrp.
1187 4292 1207 4362 β

141 4373 178 4427 22
195 4374 299 4443 gratiae
316 4371 345 4428 B
446 4375 483 4430 24
499 4376 666 4444 adtemptare
684 4376 742 4432 BF
842 4376 877 4432 27
894 4392 977 4447 quum
996 4377 1020 4433 0
