3092 4967
290 412 353 482 328
680 411 845 467 Iohannis
863 411 1021 467 Cassiani

290 602 457 671 sectatores
479 620 549 669 suos
572 602 613 667 ad
633 602 725 669 initia
748 602 953 669 beatitudinis
974 602 1187 684 introducant,
1214 607 1330 673 caritas
1343 626 1414 673 rur-
1524 667 1525 672 ,

289 725 369 787 sum,
398 708 431 771 in
460 724 521 789 qna
547 706 667 791 plenior
688 705 804 774 fiducia
829 709 1077 790 perpetuumque
1098 709 1163 775 iam
1182 711 1333 793 gaudium
1356 715 1416 789 est
1524 727 1525 764 ³

290 810 454 875 adsumens
476 827 527 875 eos
551 810 589 875 de
612 810 723 877 timore
749 809 857 876 seruili
880 814 912 875 et
934 814 1149 881 mercennaria
1162 831 1218 897 spe
1233 815 1274 878 ad
1289 814 1416 881 dilecti·

289 932 379 981 onem
408 912 459 977 dei
488 917 521 979 et
551 912 750 997 adoptionem
779 913 946 995 transferet
966 914 1103 983 filiorum
1125 921 1158 982 et
1186 918 1417 1001 quodammodo

288 1016 488 1099 perfectiores
515 1016 612 1083 faciet
640 1018 677 1083 de
704 1014 862 1099 perlectis.
898 1020 1048 1086 multae
1081 1021 1165 1085 euim
1196 1022 1245 1087 ait
1276 1023 1447 1089 saluatore

289 1123 509 1189 mansiones
538 1122 633 1189 suut
661 1121 760 1205 apud
789 1125 945 1204 patrem
972 1142 1111 1202 meum,
1144 1127 1179 1191 et
1205 1124 1284 1191 licet
1310 1128 1417 1193 amuis

288 1228 373 1293 astra
394 1244 462 1292 esse
485 1224 650 1293 uideantur
673 1226 706 1291 iu
728 1226 823 1305 caelo,
846 1225 930 1292 inter
955 1226 1135 1293 chutatom
1157 1231 1264 1296 tamen
1286 1228 1365 1295 solis
1385 1234 1416 1295 et

288 1327 379 1399 lunae
407 1331 500 1411 atque
527 1327 652 1393 luciferi
681 1332 915 1412 ceterarumque
943 1328 1108 1397 stellarum
1137 1332 1239 1397 multa
1262 1332 1416 1401 distantia

257 1430 344 1497 lest.
383 1434 415 1495 et
444 1431 557 1499 idcirco
587 1430 701 1505 beatus
729 1434 890 1516 apostolum
916 1450 980 1498 non
1007 1434 1112 1501 solum
1139 1435 1245 1501 timori
1272 1453 1310 1501 ac
1340 1439 1416 1519 spei,

279 1535 342 1606 sed
377 1535 472 1605 etism
507 1535 626 1603 cunctis
663 1534 911 1614 charismatibus,
950 1555 1029 1621 quse
1062 1556 1178 1622 magna
1209 1556 1247 1603 ac
1280 1538 1447 1619 mirificae
1524 1611 1525 1614 ,

286 1636 450 1717 habentur,
474 1655 543 1703 eam
564 1638 741 1719 praeferens
763 1657 858 1722 supra
883 1639 1010 1709 modurn
1039 1640 1291 1707 excellentiorem
1313 1644 1416 1710 omui·
1524 1635 1525 1638 ’

287 1741 344 1807 brus
372 1742 456 1805 mam
485 1740 628 1807 caritatis
654 1742 801 1811 ostendit.
839 1760 912 1810 nam
941 1760 1015 1811 cam
1043 1744 1142 1811 uellet
1174 1747 1298 1826 expleto
1331 1747 1415 1812 omni

287 1842 430 1921 catalogo
458 1842 650 1925 spiritalium
672 1843 898 1911 charismatum
927 1846 1082 1913 uirtutum
1104 1848 1171 1913 cius
1191 1848 1341 1915 mamhra
1364 1848 1416 1915 de·

286 1944 432 2020 scribere,
462 1946 508 2011 ita
535 1947 695 2029 praefatus
725 1950 788 2013 est:
817 1953 856 2012 ct
884 1948 1012 2015 adhuc
1033 1968 1153 2031 supra
1174 1954 1337 2019 modum
1358 1971 1416 2017 er·

286 2050 563 2115 collectionem
607 2051 718 2115 uobis
762 2050 865 2119 uiam
909 2052 1144 2119 demonstro.
1189 2055 1221 2119 si
1258 2055 1446 2139 lingulas
1524 2123 1525 2126 ,

285 2152 486 2220 hominum
508 2153 646 2235 loquar
668 2158 706 2219 et
736 2156 984 2239 augelorum,
1014 2160 1054 2221 et
1076 2156 1109 2221 si
1131 2157 1308 2224 habuero
1332 2177 1416 2240 pro·

284 2255 463 2337 photiam
500 2262 538 2319 et
574 2257 755 2323 nouerim
792 2259 986 2340 mysteria
1022 2259 1152 2325 omnia
1188 2266 1225 2325 et
1262 2280 1415 2327 omnem

285 2358 517 2437 scientiam,
541 2360 579 2425 et
600 2359 633 2427 si
656 2358 828 2426 habuero
850 2378 999 2427 omnem
1026 2360 1147 2430 fidem
1168 2363 1227 2429 ita
1249 2366 1292 2428 ul
1312 2382 1415 2430 mon·

284 2464 345 2529 tes
366 2462 628 2539 transferam,
647 2467 684 2529 st
701 2463 732 2529 si
751 2464 999 2529 distribuero
1017 2466 1056 2530 in
1075 2465 1181 2531 cibos
1197 2484 1414 2550 pauperum

284 2586 415 2635 omnes
438 2567 662 2633 facultates
686 2586 804 2647 meas,
828 2569 868 2633 et
890 2568 1098 2636 tradidero
1124 2587 1268 2653 corpus
1290 2588 1446 2639 meumes

283 2675 326 2736 ut
360 2671 532 2750 ardeam,
567 2671 782 2738 caritatem
817 2676 947 2737 autem
979 2691 1054 2737 non
1082 2674 1270 2751 habuero,
1306 2673 1414 2740 nihil

251 2773 385 2842 emisi
407 2774 579 2855 prodest.
615 2774 732 2841 uidetis
757 2793 829 2858 ergo
852 2775 931 2841 nihil
951 2776 1128 2859 pretiosius,
1147 2776 1229 2841 nihil
1243 2776 1415 2860 perfectius

283 2878 424 2958 nihilque
446 2875 612 2943 sublimius
634 2880 665 2941 et
687 2882 723 2945 ut
745 2878 792 2943 ita
819 2880 951 2947 dixerim
980 2880 1063 2945 nihil
1089 2881 1221 2945 caritate
1242 2881 1414 2961 perennius

281 2979 425 3051 inueniri.
463 2980 546 3047 siue
575 2980 660 3046 euim
687 2982 939 3065 prophetiae,
972 2982 1296 3048 euacuabuntur:
1327 2983 1415 3047 siue

282 3084 461 3168 liuguae,
484 3082 712 3151 cessabunt:
737 3086 1023 3167 sinescieutia‚
1040 3086 1283 3152 destruetur.
1311 3083 1444 3149 cari-a

281 3190 342 3253 tas
372 3190 479 3253 autem
508 3205 713 3269 numquam
743 3191 916 3273 excidet,
944 3192 1014 3256 aine
1044 3208 1106 3271 qua
1135 3206 1197 3254 nou
1226 3187 1331 3253 solum
1353 3184 1412 3249 illa

280 3290 582 3372 praecellentissima
616 3290 840 3358 charismatum
876 3312 1002 3375 genera,
1040 3292 1095 3356 sed
1130 3289 1228 3356 etiem
1263 3285 1410 3369 martyrii

280 3392 377 3475 ipsius
399 3394 500 3477 gloria
522 3398 700 3459 suacuatur.

382 3574 574 3641 slohma
675 3575 968 3639 'lollcoalhtl
1071 3571 1406 3637 andnumans.
1524 3605 1525 3612 ι

282 3660 348 3713 1-3
450 3658 485 3713 24
502 3662 521 3714 l.
539 3676 561 3715 c.
582 3660 621 3725 13,
640 3662 657 3714 8

331 3831 346 3882 1
365 3832 526 3898 spectatores
544 3830 572 3882 ll
662 3831 762 3884 karitas
780 3828 806 3881 0
896 3845 987 3883 mrsus
1005 3828 1031 3881 0
1132 3829 1222 3883 aiom
1239 3844 1291 3884 oso.
1309 3830 1338 3879 Σ

278 3916 295 3970 3
313 3912 519 3970 delectationem
541 3918 568 3968 1·
663 3916 681 3969 4
698 3915 845 3969 transferat
862 3917 888 3967 Y
979 3914 1146 3984 quodmodo
1163 3914 1190 3967 0
1287 3914 1409 3968 dfaciat

273 4001 299 4054 0
392 4004 409 4057 6
425 4006 492 4072 aput
509 4002 562 4055 ΣΟ
655 4004 754 4057 tlluna
772 4000 858 4071 adque
873 4001 902 4055 0
992 4002 1131 4057 stillarum
1146 4001 1187 4053 Π·
1272 4003 1291 4054 9
1307 4001 1406 4055 iccirco

277 4090 306 4143 Σ
410 4089 443 4143 13
460 4090 582 4158 catalago
599 4088 625 4140 0
718 4088 821 4145 carium.
838 4088 892 4141 ΣΟ
992 4088 1027 4142 lh
1043 4088 1116 4142 uiam
1134 4087 1211 4141 uobis
1228 4085 1291 4150 ΥΟ,
1313 4092 1348 4140 at
1364 4090 1406 4139 d

278 4176 343 4242 XV,
360 4178 387 4241 2,
405 4180 424 4231 2
510 4177 543 4231 16
561 4175 628 4243 prof.
646 4176 675 4227 Π
760 4176 792 4229 l'l
811 4175 884 4229 mist.
902 4174 928 4226 0
1017 4174 1052 4228 la
1067 4173 1143 4227 oihns
1161 4174 1201 4225 11¹
1292 4171 1326 4225 28
1344 4187 1406 4239 pro·

278 4262 353 4317 deest
371 4262 396 4316 Ο
474 4262 509 4317 Ἃ
526 4262 644 4317 inueneri
655 4262 695 4315 11¹
775 4260 843 4330 prof.
856 4259 910 4313 luo
986 4259 1020 4314 21
1032 4259 1111 4315 distr.
1121 4259 1162 4311 Π*
1244 4258 1280 4311 26
1295 4256 1406 4311 excellat

278 4350 317 4400 ll²
334 4349 482 4404 eccidit?¹
562 4349 712 4403 ilcariam.
726 4347 751 4399 0
830 4345 990 4401 martiriiO
1068 4346 1103 4399 28
1115 4346 1246 4399 manaim
1256 4344 1335 4397 lll'n
