3092 4967
300 456 364 524 584
694 454 859 509 Iohannis
879 455 1037 509 Cassiani

306 648 394 713 illam
416 647 541 713 abbatis
565 646 724 722 Iohannis,
746 646 844 710 immo
867 644 986 710 Christi
1002 663 1054 710 ore
1070 646 1226 728 prolatam
1241 647 1420 710 sententiam

301 752 434 817 uiriliter
464 750 704 834 adprehendam,
737 756 772 813 ut
803 768 854 813 me
877 768 896 812 a
917 750 1054 830 spirituli
1083 748 1163 815 hono
1185 750 1275 814 nulla
1296 748 1421 814 menam

301 856 438 922 auellere
474 856 573 939 possit
610 854 753 919 adlectio.
804 854 871 935 qui
907 853 992 918 enim
1028 871 1101 917 nou
1139 854 1282 929 oderit,
1320 853 1420 935 iuquit,

300 963 453 1043 patrem
475 962 514 1025 et
536 960 698 1023 matrem
721 959 757 1021 et
780 957 895 1022 iiiios
917 959 956 1021 et
985 957 1135 1021 iratres
1159 960 1195 1020 et
1216 972 1367 1021 sorores
1387 961 1423 1019 et

300 1080 461 1129 uxorem
494 1064 532 1127 et
565 1078 692 1144 agros,
731 1062 896 1143 insuper
929 1065 966 1125 et
998 1062 1168 1125 animam
1201 1078 1324 1140 suem,
1356 1078 1451 1124 nona

271 1167 432 1252 upotest
455 1185 563 1231 meus
585 1182 668 1230 osse
691 1165 927 1248 discipulus.
954 1182 1026 1231 oum
1049 1180 1125 1246 ergo
1147 1163 1420 1247 hisatquehuins-

299 1270 384 1335 modi
415 1269 518 1333 uerbis
548 1269 709 1333 muliebris
739 1278 802 1333 uon
831 1268 1009 1333 flecteretur
1038 1268 1173 1333 intentio
1202 1272 1235 1332 et
1260 1271 1291 1333 in
1321 1268 1421 1332 eaden

300 1373 521 1439 obstinationis
562 1372 679 1437 duritie
717 1377 921 1455 permaneret,
955 1372 982 1436 si
1015 1390 1071 1454 ego
1105 1374 1146 1450 te,
1182 1374 1285 1453 inquit
1317 1371 1421 1436 beatus

299 1478 452 1551 Theouas,
475 1477 653 1541 abstrahere
675 1496 693 1539 a
716 1477 817 1540 morte
840 1493 902 1541 non
923 1494 1059 1558 possum,
1082 1477 1190 1539 noctu
1205 1494 1256 1539 me
1270 1475 1420 1558 separabis

300 1579 484 1646 adhristo:
516 1580 616 1644 tutius
648 1582 696 1644 est
726 1583 831 1644 autem
861 1580 940 1644 mihi
972 1599 1043 1644 cum
1072 1580 1199 1644 homine
1228 1598 1321 1662 quam
1353 1596 1449 1644 curuo

299 1684 356 1751 deo
378 1684 493 1749 habere
516 1684 698 1749 diuortium.
722 1683 902 1765 adspirante
915 1684 1022 1766 itaquo
1043 1686 1148 1766 gratia
1169 1685 1219 1748 dei
1235 1683 1419 1747 delinitionis

298 1806 372 1852 suae
395 1787 621 1852 exsecutionem
642 1787 802 1851 instanter
828 1788 992 1871 adgressus
1015 1792 1064 1853 ost
1087 1806 1144 1853 nec
1166 1788 1358 1869 intepescere
1370 1806 1420 1869 per

298 1892 436 1973 aliquem
468 1910 586 1956 rnorem
618 1890 761 1955 desiderii
786 1891 836 1955 sui
857 1896 905 1956 ost
927 1909 1039 1973 passus
1061 1895 1211 1957 ardorem.
1250 1908 1324 1956 uam
1352 1908 1417 1953 con·

298 1994 404 2057 festim
440 1995 525 2061 omni
563 1994 719 2059 mundana
763 1994 912 2059 facultate
953 1995 1089 2060 nudatus
1126 1994 1166 2059 ad
1201 1995 1418 2059 monasterium

298 2098 483 2182 peruolauit,
507 2097 562 2163 ubi
585 2099 617 2162 in
640 2096 728 2163 breui
753 2101 841 2162 tauto
863 2099 1029 2180 splendore
1049 2099 1228 2164 sanctitatis
1250 2103 1282 2163 et
1296 2096 1446 2162 humili-1⁵

299 2202 376 2267 tatis
409 2202 533 2285 enituit,
565 2202 601 2266 ut
630 2202 740 2266 beatae
769 2201 940 2266 memoriae
968 2201 1107 2267 Iohanne
1135 2202 1175 2267 ad
1206 2202 1365 2267 dominum
1385 2218 1417 2263 ex

297 2306 357 2371 hec
386 2307 455 2370 luce
478 2304 644 2388 migrante,
668 2308 776 2370 sancto
799 2323 921 2389 quoque
943 2305 1045 2383 Helia,
1074 2305 1141 2372 uiro
1164 2306 1217 2389 qui
1241 2324 1301 2372 non
1323 2303 1417 2369 minor

298 2411 456 2475 decessore
479 2428 534 2474 suo
558 2408 629 2485 init,
652 2408 803 2473 similiter
824 2408 993 2474 decedente
1016 2410 1127 2474 tectim
1142 2410 1284 2474 Theonoe
1300 2409 1415 2472 uniuer-

296 2534 401 2580 sorum
425 2516 542 2579 electus
565 2514 680 2579 indicio
696 2512 728 2576 in
752 2513 912 2579 diaconiae
928 2513 973 2579 eis
988 2514 1216 2598 dispensatione
1231 2513 1414 2578 successerit.

339 2634 377 2698 X.
401 2632 501 2698 Nemo
524 2634 629 2698 eutem
652 2634 810 2699 existimet
832 2652 888 2698 nos
912 2635 988 2699 haec
1005 2635 1045 2699 ad
1069 2638 1264 2716 prouocauda
1286 2632 1443 2715 coniugi-a

296 2756 385 2803 orum
408 2737 543 2801 diuortia
559 2737 705 2815 texuisse,
722 2739 776 2821 qui
792 2756 853 2803 non
869 2740 971 2802 solum
989 2738 1114 2820 nuptias
1131 2737 1263 2801 minime
1279 2736 1413 2801 condoru-

295 2858 415 2918 namus,
432 2859 540 2905 uerrrm
559 2840 655 2906 etiarn
672 2840 875 2924 apostolicam
892 2844 1057 2925 sequentes
1070 2841 1259 2905 senteutiam
1272 2840 1412 2905 dicimus:

294 2944 525 3009 honorabile
548 2942 781 3027 coniugium
803 2947 842 3009 in
866 2945 1045 3010 omnibus
1068 2943 1412 3009 ettorusinmaou·

294 3048 414 3126 latus,
444 3050 498 3112 sed
529 3050 565 3113 ut
596 3049 702 3113 lectori
733 3048 861 3112 initium
892 3047 1112 3125 conuersionis,
1143 3066 1203 3130 quo
1230 3048 1340 3111 mutus
1365 3042 1413 3110 ille

264 3152 343 3217 2nir
365 3153 421 3217 deo
445 3152 567 3217 dicatus
590 3153 648 3233 est,
672 3150 807 3217 fideliter
836 3151 1052 3233 panderemus.
1090 3169 1191 3233 aquo
1218 3150 1300 3215 hona
1321 3149 1441 3233 gratas

292 3256 349 3319 hoc
379 3256 516 3339 primum
546 3258 684 3339 deposco,
715 3259 761 3334 ut,
792 3257 859 3320 siue
890 3256 947 3320 hoc
970 3256 998 3320 ei
1020 3254 1140 3337 placeat
1161 3255 1226 3319 sino
1249 3252 1411 3337 displiceat,

294 3377 416 3441 quoquo
445 3363 536 3425 modo
567 3379 617 3424 me
639 3379 657 3425 a
680 3359 836 3425 calumnia
866 3360 1004 3424 alienum
1027 3376 1095 3424 esse
1120 3359 1290 3422 concedens
1312 3359 1344 3422 in
1363 3371 1412 3420 eno

392 3566 492 3624 3an
514 3570 553 3635 14,
571 3570 606 3625 26
709 3571 743 3625 23
762 3570 843 3624 Hebr.
863 3571 939 3637 13,4

342 3762 410 3817 leb
429 3765 485 3820 OK
576 3765 705 3834 dinquid
723 3766 816 3823 FOK¹
912 3769 1071 3825 lmnlieris
1088 3771 1127 3827 Ρ
1211 3768 1349 3839 8ergoO

289 3848 491 3917 inquidFOK¹
569 3851 795 3909 10totiusF¹K¹
873 3856 906 3909 12
917 3860 1018 3912 execat
1031 3858 1085 3915 ΒΟ
1165 3860 1199 3913 13
1210 3855 1349 3913 sutonaO

291 3954 324 4005 14
341 3952 475 4007 facultate
492 3955 531 4009 F¹
632 3958 664 4009 15
687 3958 717 4009 in
735 3958 877 4026 splendore
894 3960 955 4015 BF
968 3962 999 4023 (t
1016 3977 1039 4015 a
1056 3962 1217 4030 inplendum)
1315 3960 1344 4014 ll
1359 3941 1411 4026 elii

290 4038 314 4094 0
417 4055 472 4094 non
490 4042 556 4097 BF:
587 4043 679 4099 autO
707 4044 777 4098 hunt
794 4046 835 4098 K¹
864 4045 938 4100 haud
956 4048 1021 4101 K'o
1124 4049 1159 4101 18
1179 4064 1229 4102 suo
1252 4066 1301 4103 oua
1320 4045 1351 4099 K

289 4126 429 4181 decidente
446 4128 480 4182 K
581 4130 614 4183 19
632 4130 781 4197 preelectus
801 4132 856 4187 ΘΚ
883 4134 1082 4200 praeelectusc
1184 4135 1220 4188 20
1236 4136 1305 4189 enim
1321 4132 1349 4187 F

288 4212 322 4265 23
349 4213 489 4267 conubium
517 4214 557 4269 11¹
593 4216 736 4269 conubium
765 4216 840 4272 OKo
862 4224 890 4272 st
912 4218 1034 4288 Vetpata
1144 4220 1180 4273 24
1204 4218 1408 4275 conuersationis

290 4296 381 4438 {lto
424 4299 458 4353 26
484 4300 542 4354 siue
568 4300 710 4370 displiceat
737 4318 787 4357 om.
815 4304 874 4357 BF
981 4304 1015 4358 27
1043 4305 1173 4373 quomodo
1201 4304 1225 4361 O
1324 4319 1407 4358 cenoc-

308 4398 324 4435 e
