3092 4967
496 459 658 517 conlatio
681 460 755 526 tvl,
775 461 883 516 17-18.
1188 464 1253 528 453

126 649 315 734 protulimus
338 651 419 733 quod
442 668 499 715 nos
521 654 629 715 notare
650 650 812 716 homiuum
835 651 947 716 iudicio
971 655 1026 714 aut
1048 651 1253 716 condemnare

125 754 304 836 potuisset?
332 755 419 837 quasi
449 773 524 818 uero
551 757 633 836 apud
662 755 754 820 deum
777 753 875 819 uerba
896 753 1115 818 tantummodo
1139 758 1170 817 et
1192 771 1253 818 uon

124 859 289 940 praecipue
310 858 458 923 uoluntas
485 860 613 922 uooetur
634 859 667 922 iu
689 859 823 940 eulpam,
854 859 985 939 etopus
1007 855 1108 922 solum
1131 858 1253 939 peooati

125 963 155 1024 et
178 978 242 1026 non
265 958 362 1024 etiam
385 963 495 1025 uotum
517 978 555 1025 ao
576 960 769 1042 propositum
800 960 950 1026 habeatur
974 960 1006 1024 in
1030 959 1168 1032 crimine,
1199 967 1253 1024 aut

105 1063 183 1128 alueo
207 1066 331 1128 tantum
353 1062 429 1144 quid
450 1063 663 1147 unnsquisque
684 1062 795 1128 feeerit
816 1063 848 1127 et
870 1081 931 1128 nou
947 1061 1022 1144 qnid
1038 1063 1133 1128 etiam
1149 1061 1252 1127 faeere

123 1165 312 1246 disposuerit
334 1168 367 1230 in
389 1167 506 1230 iudioio
523 1168 565 1232 sit
583 1166 805 1248 quaerendum.
838 1165 1001 1230 nonenim
1018 1165 1084 1230 sola
1100 1164 1283 1229 admoti-2

123 1271 193 1334 onis
217 1269 336 1334 inlatae
358 1269 504 1352 qualitas,
529 1271 584 1334 sed
606 1269 704 1335 etiam
727 1271 921 1352 propositum
944 1269 1104 1334 inritantia
1128 1271 1160 1333 in
1176 1286 1254 1332 nora

123 1376 182 1450 aet,
212 1375 247 1437 et
273 1373 385 1438 ideireo
412 1391 474 1437 non
503 1375 762 1454 quemadmodum
791 1373 929 1456 iurgium
952 1370 1049 1437 luerit
1071 1371 1252 1448 excitatum,
1342 1357 1345 1362 ’

122 1476 179 1541 sed
210 1479 301 1540 ouius
323 1477 565 1557 oondagrauerit
586 1477 675 1556 uitio,
705 1495 816 1542 nerum
838 1474 950 1542 iudicis
974 1475 1072 1541 nostri
1095 1477 1255 1558 perquiret

91 1598 272 1646 aeramen:
302 1579 432 1646 effoetus
460 1580 546 1646 euim
574 1581 706 1664 peooati,
739 1598 802 1646 non
832 1580 907 1645 ordo
936 1583 982 1644 eet
1017 1580 1254 1645 considerandus

121 1683 269 1748 admissi.
308 1683 382 1766 quid
410 1683 494 1748 euim
521 1684 619 1748 refert
646 1687 753 1749 utrum
781 1685 848 1766 quis
873 1683 978 1767 gladio
1000 1682 1065 1767 ipse
1088 1681 1255 1766 peremerit

121 1787 258 1851 fratrem
286 1805 326 1852 an
354 1787 463 1870 aliqua
490 1790 529 1853 ad
556 1790 690 1853 mortem
718 1787 829 1853 fraude
857 1787 1038 1871 oonpulerit‚
1062 1805 1132 1851 enm
1155 1786 1254 1868 ipaine

121 1908 198 1954 euru
228 1890 299 1954 dolo
320 1890 373 1956 uel
396 1890 527 1957 erimine
549 1894 673 1957 oouetet
695 1892 890 1957 extinctum?
919 1891 1007 1974 quasi
1030 1909 1103 1956 uero
1127 1907 1253 1954 oaeoum

121 1993 156 2058 iu
180 2010 330 2075 praeoepe
352 2012 447 2058 manu
469 1995 594 2077 propria
614 2013 675 2060 non
690 1994 848 2078 inpegiese
862 1993 1005 2071 sufficiat,
1022 2013 1093 2058 oum
1108 1991 1255 2058 similiter

87 2116 197 2164 uerene
221 2097 267 2162 eit
288 2099 341 2179 qui
362 2115 495 2179 pronum
516 2103 548 2162 et
570 2097 775 2162 inminentem
798 2100 862 2164 iam
884 2097 1002 2174 senene,
1019 2115 1089 2162 oum
1105 2094 1254 2177 potuerit,

121 2217 276 2264 reuooare
297 2201 525 2284 contempserit,
549 2205 604 2266 aut
626 2199 682 2265 ille
703 2201 789 2267 solus
810 2201 844 2266 in
867 2201 997 2265 erimine
1019 2201 1060 2265 sit
1083 2197 1137 2280 qui
1161 2215 1254 2262 mauu

120 2322 181 2368 sua
211 2302 393 2385 quempiam
421 2304 616 2386 laqueanerit
643 2311 675 2370 et
699 2321 760 2371 nou
783 2305 880 2370 etiam
902 2305 928 2369 is
951 2305 1005 2387 qui
1027 2303 1076 2367 uel
1100 2301 1257 2383 parauerit

120 2408 176 2474 nel
198 2407 366 2490 ingesserit
387 2407 534 2491 laqueum
557 2409 608 2474 uel
630 2410 723 2490 eante,
753 2427 823 2473 oum
847 2409 993 2491 potuerit,
1021 2405 1142 2472 auterre
1166 2404 1255 2468 nolu·

119 2511 193 2575 erit.
234 2511 281 2575 ita
301 2510 402 2593 igitur
423 2513 527 2577 taoere
548 2512 629 2577 nihil
651 2514 787 2595 prodest,
803 2511 831 2576 si
846 2511 959 2576 ideireo
975 2509 1063 2575 nobis
1081 2506 1285 2572 indioamue3

83 2615 302 2696 adulantium,
324 2615 362 2678 ut
382 2615 465 2697 quod
487 2616 644 2699 agendum
669 2614 810 2680 oonuioio
832 2615 935 2687 fuerat
958 2613 1015 2679 hoo
1036 2609 1255 2678 taciturnitate

119 2716 292 2798 satiamus,
320 2715 545 2782 adsimuleutee
575 2720 723 2800 quosdam
752 2718 869 2800 gestus,
895 2717 1008 2799 quibus
1032 2719 1064 2780 et
1084 2713 1141 2780 ille
1164 2730 1254 2795 quem

119 2821 231 2886 durari
254 2820 391 2901 oportuit
412 2821 642 2886 uehementiore
663 2822 840 2887 inardescat
862 2821 1025 2886 iraoundia
1048 2821 1081 2884 et
1094 2837 1149 2883 uos
1164 2835 1256 2898 super

117 2925 329 2989 haecomnia
356 2922 470 2988 damno
494 2923 581 2989 illins
604 2923 839 3008 deperditione
866 2923 1047 2988 laudemur:
1072 2923 1160 3004 quani
1182 2935 1256 2985 uero

118 3045 185 3091 uon
208 3025 307 3092 etiam
330 3045 366 3090 ex
387 3025 445 3090 hoo
467 3028 535 3108 ipso
557 3028 628 3108 quie
650 3027 919 3103 criminosiorem,
944 3028 1023 3108 qnod
1047 3025 1180 3109 gloriam
1196 3021 1255 3086 sibi

82 3130 161 3194 esde
194 3128 304 3193 fratris
332 3129 467 3194 uoluerit
496 3129 669 3209 perditione
702 3130 891 3212 oouquirere.
929 3129 1052 3210 utrique
1081 3125 1165 3190 euim
1193 3125 1257 3190 tale

118 3231 292 3298 silentium
328 3232 389 3296 erit
425 3232 595 3315 aequaliter
631 3233 768 3305 noxium,
803 3233 876 3313 quia
910 3232 992 3296 siout
1025 3231 1190 3312 exaggeret
1224 3229 1255 3291 iu

118 3335 258 3402 alterins
286 3334 376 3400 eorde
406 3336 580 3412 tristitiam,
609 3334 657 3400 ita
683 3338 716 3401 in
744 3353 801 3400 eno
831 3353 893 3400 nou
921 3335 1082 3418 permittit
1104 3331 1254 3414 extingui.

118 3443 237 3505 eontra
258 3455 335 3519 quos
356 3436 414 3501 illa
435 3437 604 3520 prophetae
619 3438 698 3502 eatis
724 3436 847 3522 proprie
862 3439 909 3502 est
925 3437 1043 3502 direota
1058 3433 1288 3501 maledietiozd

179 3693 383 3762 lprotnlemne
401 3693 440 3744 ΠΙ
544 3692 737 3762 condempnare
755 3692 785 3743 H
886 3691 987 3760 iaput
1005 3690 1065 3744 ΣΟ
1167 3689 1256 3744 3onl·

118 3797 187 3852 pam
206 3779 248 3850 et]
265 3777 467 3847 perturbatione
490 3779 521 3830 Π
619 3778 687 3832 tet
704 3783 908 3833 antenorem.
932 3775 1041 3830 ΠΤΟν
1142 3775 1255 3844 iquod

118 3867 173 3922 0v
278 3865 462 3934 uuusquisque
483 3860 577 3918 leserit
595 3879 642 3931 per
659 3863 805 3932 loquellam
823 3863 970 3932 (loquelam
987 3863 1058 3914 mr
1077 3877 1124 3931 pro
1143 3860 1256 3930 loquille

116 3955 176 4018 11¹)
194 3955 224 4006 et
239 3966 295 4005 nou
312 3951 378 4019 qnid
397 3949 478 4019 (qnod
496 3953 523 4014 o)
547 3950 630 4004 etiarn
646 3964 693 4018 per
709 3949 927 4004 taeitnmitatem
945 3949 1030 4004 laoere
1048 3947 1184 4003 studuerit
1200 3948 1260 3998 ΠΨ

118 4041 173 4094 Oe
266 4038 510 4093 teonrnutationie
528 4036 615 4090 inlata
632 4035 782 4105 aequalitas
800 4035 828 4088 Σ
917 4035 980 4090 lin
997 4035 1083 4088 tantis
1101 4035 1129 4086 Σ
1214 4035 1256 4086 iu·

117 4123 297 4182 ιιοιὶοΠῑΟΙ
383 4121 520 4178 θὶιιᾶίοοο
537 4123 577 4174 Π·
665 4121 859 4177 remorarer
943 4121 1191 4176 llinadmieeiei’

117 4211 224 4268 referet
240 4209 271 4262 Σ
295 4207 387 4262 differt
405 4207 481 4262 YOo
567 4208 601 4261 12
617 4207 651 4262 ed
669 4207 796 4276 mortem]
816 4209 902 4260 morte
920 4207 949 4259 Σ
1036 4207 1068 4261 16
1086 4206 1257 4261 oontemeerit

117 4296 186 4350 ΣΟ
280 4295 313 4350 lt
331 4294 374 4348 hie
391 4293 464 4348 ΠὈ
555 4293 588 4348 19
606 4292 732 4362 prodeest
750 4293 776 4345 0
862 4293 896 4348 22
913 4291 1108 4348 uehementiori
1126 4291 1189 4344 Πύ

117 4385 160 4438 24
178 4381 360 4437 erimiuioeior
378 4380 406 4431 Σ
491 4379 526 4434 25
543 4379 721 4448 inquireret·
809 4379 844 4434 28
861 4379 927 4448 prol.
944 4379 975 4432 Π
1042 4379 1148 4448 propria
1165 4380 1190 4430 Τ
