3092 4967
474 460 636 517 Conlatio
659 460 738 527 XilI,
757 461 866 516 17-18.
1171 462 1235 529 396

125 648 210 713 bonae
224 650 394 715 uoluntatis
409 653 560 729 ardorem,
579 669 662 715 nuuc
677 669 750 716 uero
768 649 867 732 ipsius
882 652 1070 732 operationis
1085 650 1232 716 effectum

123 752 150 815 et
173 754 469 818 consummationem
500 752 612 818 donare
643 754 816 819 uirtutum:
848 757 881 820 et
906 772 990 819 nuuc
1013 771 1032 817 a
1054 756 1145 819 ruina
1167 756 1231 819 iam

123 856 246 937 proxima
271 855 420 940 lapsuque
442 857 606 940 praecipiti
628 857 725 925 etiam
746 856 864 923 inuitos
885 859 918 923 et
938 858 1052 923 inscios
1074 875 1231 937 reuocare,

122 978 190 1024 nuuc
221 962 327 1024 autem
362 962 536 1024 occasiones
566 961 599 1023 at
625 960 852 1041 oportunitates
884 960 995 1025 salutis
1028 960 1169 1042 ingerere
1197 980 1234 1025 ac

106 1061 291 1143 epraaeipitcs
314 1063 529 1145 uioloutdsquc
550 1066 679 1129 conatus
699 1083 718 1128 a
739 1063 888 1128 letalibus
909 1062 1162 1146 dispositionibus
1185 1063 1233 1128 in-

122 1166 228 1229 bibere:
258 1168 289 1231 et
311 1166 390 1231 alios
413 1167 540 1249 quidem
562 1165 703 1232 uolentes
726 1169 945 1249 currentesque
967 1166 1133 1249 suscipere,
1156 1168 1234 1232 alios

121 1287 183 1333 uero
211 1268 354 1335 nolentes
383 1270 625 1353 resistentesque
654 1268 831 1353 pertrahere
860 1276 892 1335 et
920 1269 959 1334 ad
982 1273 1094 1336 bonam
1125 1288 1232 1353 cogere

120 1372 313 1437 uoluntatem.
351 1378 454 1439 totum
482 1393 555 1439 nero
586 1394 646 1440 nou
676 1392 799 1458 semper
828 1374 1047 1438 resistentites
1077 1392 1133 1438 uec
1163 1378 1264 1456 per-3

120 1476 285 1541 uenerantur
321 1466 433 1543 inuitis
469 1477 558 1557 nobie
593 1495 613 1542 a
645 1476 812 1542 diuinitate
850 1476 972 1542 concedi
1010 1479 1042 1541 et
1076 1495 1234 1543 summam

91 1577 217 1643 resolutis
250 1580 374 1645 nostras
407 1600 468 1646 non
501 1598 627 1663 operum
661 1582 838 1646 nostrorum
867 1581 990 1656 merito,
1023 1580 1078 1645 sed
1108 1581 1234 1645 caelesti

117 1683 225 1763 gratiae
254 1683 464 1766 deputandam
492 1684 539 1749 itt
568 1684 686 1748 domini
715 1684 815 1766 ipsius
836 1684 964 1749 uocibus
987 1684 1167 1749 edocemur:
1195 1687 1233 1747 et

117 1785 419 1853 recordabimini
449 1790 602 1853 uiarum
632 1791 871 1865 uestrarum,
902 1789 942 1852 ot
963 1786 1132 1851 omnium
1155 1803 1232 1850 soe·

117 1886 230 1951 lerum
261 1894 506 1969 uestrorum,
537 1890 682 1973 quibus
714 1891 864 1973 polluti
894 1890 993 1955 estis
1024 1892 1062 1955 in
1089 1889 1160 1955 eie:
1195 1892 1233 1953 et

116 1988 387 2071 displicebitis
410 1993 522 2058 uobis
545 1995 584 2058 iu
606 1997 817 2075 conspectu
839 1998 972 2058 uestro
994 1992 1033 2057 in
1051 1991 1233 2058 omnibus

87 2094 283 2159 amalitiis
307 2096 474 2175 uestris,
504 2095 599 2179 quas
630 2096 805 2163 fecistis.
829 2101 866 2160 et
889 2098 1027 2161 scietis
1049 2096 1142 2178 quia
1164 2112 1234 2177 ego

114 2197 306 2277 dominus,
342 2218 423 2264 oum
456 2200 550 2265 bene
583 2199 716 2265 fecero
749 2200 862 2265 nobis
896 2201 1064 2282 propter
1098 2216 1233 2263 nomen

114 2318 247 2377 meum,
280 2319 355 2365 uon
388 2304 602 2368 secundum
636 2304 721 2368 uias
750 2306 909 2368 uestras
937 2301 1077 2380 malas,
1113 2319 1234 2383 nequo

114 2404 319 2469 secuudum
351 2406 504 2471 scelera
533 2407 669 2472 uestra
697 2407 871 2490 pessima
901 2406 1036 2470 domus
1063 2403 1232 2469 Israhel.

114 2506 274 2571 etidcirco
309 2508 366 2573 hoc
387 2508 427 2574 ab
451 2510 594 2575 omnibus
627 2510 789 2575 catholicis
818 2507 961 2591 patribus
990 2506 1145 2589 delinitur,
1179 2506 1263 2589 quit

84 2610 326 2690 spariectionem
353 2592 457 2677 ¹cordis
486 2632 548 2678 non
578 2612 665 2678 inani
689 2612 898 2696 disputatione
919 2611 1097 2688 uerborum,
1120 2610 1175 2674 sed
1197 2628 1232 2673 re

112 2716 199 2795 utque
223 2733 313 2797 opera
335 2715 520 2793 didicerunt,
544 2716 642 2781 diuini
665 2734 729 2781 esee
752 2717 890 2782 muneris
911 2706 1049 2811 piimum
1071 2713 1108 2779 ut
1123 2731 1233 2779 acoen-

112 2816 200 2882 datur
228 2820 440 2901 uuusquisque
469 2818 507 2883 nd
537 2820 773 2884 desiderandum
803 2837 894 2895 omne
927 2819 1009 2903 quod
1037 2820 1151 2884 bonum
1175 2816 1232 2897 eat,

111 2922 158 2985 sed
180 2921 228 2988 ita
249 2924 286 2987 ut
308 2924 341 2987 in
363 2918 552 2987 'alterutram
575 2926 695 3006 partam
717 2924 846 3005 plenum
867 2924 910 2988 sit
927 2922 1045 2987 liberae
1060 2920 1233 2985 uoluntatis

111 3023 291 3089 arbitrium:
321 3024 462 3107 itemque
491 3026 585 3091 etiam
617 3027 785 3091 secuudum
814 3026 939 3091 diuinae
967 3043 1034 3089 esse
1056 3023 1175 3107 gratiae
1197 3026 1232 3086 ut

81 3125 187 3191 seifici
210 3127 338 3193 ualeant
360 3128 505 3194 exercitia
525 3128 685 3211 praedicta
699 3129 872 3202 uirtutum,
895 3126 1011 3213 sedita
1024 3129 1062 3192 ut
1077 3124 1232 3210 possibili-

109 3229 154 3293 tas
179 3220 245 3295 hon
275 3231 479 3315 extinguatur
508 3229 649 3295 arbitrii:
672 3230 802 3294 tertium
826 3247 946 3312 quoque
969 3230 1008 3294 ad
1031 3228 1081 3293 dei
1105 3245 1233 3291 munera

108 3334 259 3415 pertinere
290 3337 327 3398 ut
356 3333 530 3421 adquisitae
560 3334 690 3398 uirtutis
719 3332 954 3415 perseuerantia
987 3326 1142 3409 teneatur,
1176 3330 1233 3395 sed

108 3436 152 3501 ita
180 3439 216 3502 ut
244 3438 459 3519 captiuitatem
488 3437 619 3502 libertas
647 3436 770 3501 addicta
800 3454 861 3501 non
896 3436 1023 3501 sentiat.
1065 3434 1111 3499 sic
1146 3435 1263 3503 enimti

106 3538 320 3605 uniuersitatis
351 3541 427 3605 deus
456 3539 560 3605 omnia
589 3540 623 3603 in
654 3538 800 3605 omnibus
831 3539 1002 3604 credendus
1032 3538 1081 3601 eet
1102 3542 1231 3618 operari,

75 3645 142 3706 aaut
174 3643 293 3718 incitet,
327 3644 472 3727 protegat
503 3646 595 3727 atque
630 3642 801 3722 confirmet,
830 3661 891 3709 nou
922 3645 958 3707 ut
986 3640 1108 3707 auferat
1137 3659 1230 3723 quam

207 3853 240 3910 11
259 3852 351 3908 Erech
371 3853 415 3919 20,
432 3853 536 3909 43-44

154 4050 172 4104 2
190 4053 297 4120 etpost
314 4052 437 4106 effectum
456 4068 506 4107 ona
523 4052 554 4103 11
637 4052 655 4106 3
672 4050 801 4120 labanque
819 4051 881 4103 ΣΠ
964 4048 1108 4119 praecepiti
1125 4046 1165 4099 ΠΙ

104 4135 341 4207 baioleutnsquae
359 4137 398 4190 Π1
493 4137 509 4191 'i
527 4136 724 4207 retinentesqua
740 4137 801 4192 ΠΟ
829 4137 1026 4205 renitentesque
1045 4137 1088 4189 Po
1183 4133 1200 4187 9
1218 4149 1234 4186 a

106 4222 262 4293 diuinitate]
276 4224 433 4279 adnuntiate
444 4225 474 4277 Π
554 4226 585 4279 11
600 4226 690 4295 grstia
703 4225 731 4277 Σ
815 4225 848 4278 12
859 4224 1034 4279 recordamini
1046 4224 1072 4275 P
1149 4222 1183 4275 14
1194 4220 1234 4290 di·

105 4309 307 4377 splccibitisii¹
392 4313 425 4366 18
436 4311 556 4365 israelZ
640 4310 890 4381 20periection02
974 4310 1006 4365 21
1020 4306 1167 4363 aecedmO

105 4394 139 4449 23
151 4396 181 4450 iu
193 4412 243 4450 om.
255 4398 309 4450 ΤΟ
389 4395 503 4451 liberum
516 4398 541 4449 t*
622 4396 657 4451 25
669 4396 787 4452 efficacis
798 4398 827 4449 Σ
909 4396 944 4450 hi
956 4392 1128 4466 adquuccitac
1138 4393 1169 4444 H
