3092 4967
562 432 724 489 Conlatic
744 432 777 497 V,
795 432 872 487 6-1.
1222 432 1282 499 12?

151 628 308 692 malornm
333 624 474 691 omnium
496 626 636 706 nouerat,
658 621 776 705 inqua
798 621 916 687 iterum
937 624 1101 704 superatus
1116 620 1239 687 nullum
1254 623 1284 687 ei

149 730 269 796 uitium
298 748 334 793 er
363 728 413 793 bis
440 746 518 810 quae
546 726 758 810 sequebantur
784 743 854 790 eam
877 742 972 790 ausus
995 724 1146 810 ingerere,
1169 724 1284 807 quippo

149 852 230 917 qnae
252 834 385 897 nouerat
406 834 445 897 de
468 832 536 897 eins
557 830 663 895 radice
686 848 723 896 ac
744 829 856 895 fomite
870 828 1039 911 pullulare,
1056 828 1096 894 ad
1111 830 1284 895 extremam

148 936 314 1020 superbire
342 933 528 1000 transilierit
548 935 731 1016 passionem,
761 950 824 1014 qna
852 934 985 999 nouerat
1011 931 1107 998 etism
1130 932 1284 1014 perlectos

125 1058 288 1124 equosque
316 1036 451 1103 deuictis
480 1036 623 1102 omnibus
645 1035 733 1101 uitiis
763 1053 854 1119 posse
876 1035 1004 1118 pulsari,
1027 1054 1090 1119 qua
1112 1036 1208 1101 etism
1231 1036 1283 1101 nel

148 1142 321 1225 seipsum,
349 1159 423 1206 oum
445 1143 528 1205 esset
549 1138 686 1216 Lucifer,
714 1138 767 1204 uel
790 1139 952 1222 conplures
974 1138 1052 1205 alios
1075 1139 1194 1222 absque
1215 1138 1282 1204 nllo

149 1246 353 1311 incitamento
375 1243 627 1329 praecedentium
641 1243 820 1325 passionum
837 1244 874 1308 de
891 1241 1080 1307 caelestibus
1095 1242 1282 1309 meminerat

149 1348 318 1414 corruisse.
352 1348 440 1413 iuxta
467 1347 551 1411 huno
579 1364 654 1431 ergo
681 1364 776 1429 quem
804 1346 1016 1428 praediximus
1045 1344 1197 1429 ordinem,
1227 1344 1312 1428 quii

148 1452 189 1517 ab
211 1451 408 1536 euangelista
429 1451 514 1516 Luca
536 1449 736 1529 describitur,
755 1450 853 1515 etiam
868 1454 937 1533 ipsa
952 1448 1119 1517 inlicitutio
1135 1448 1167 1513 at
1182 1448 1284 1533 figura

115 1582 142 1621 ro
150 1556 408 1639 temptationum,
431 1554 542 1636 quibus
564 1554 615 1618 uel
638 1552 730 1618 illum
753 1553 892 1636 primum
915 1552 966 1617 uel
987 1554 1087 1617 istum
1108 1554 1280 1619 secundnm

151 1660 252 1725 Adam
268 1657 493 1724 callidissimus
507 1656 689 1741 adgreditur
703 1658 861 1737 inimicus,
878 1655 1112 1739 elegantissime
1127 1655 1281 1739 congruit.

151 1760 349 1844 illinamque
363 1762 456 1829 dicit:
473 1762 706 1845 aperientur
721 1761 829 1826 oculi
844 1762 993 1839 uestri,
1010 1760 1084 1827 huic
1099 1760 1283 1827 ostendit

152 1866 283 1930 omnia
319 1884 438 1949 regna
473 1866 606 1932 mundi
643 1870 682 1930 et
718 1864 888 1949 gloriam
924 1882 1063 1933 eornm.
1108 1864 1152 1931 ibi
1189 1865 1283 1930 dicit:

152 1969 271 2035 eritis
294 1969 398 2034 sicut
419 1968 491 2053 dii,
515 1968 584 2033 hic:
607 1968 640 2033 si
662 1967 781 2033 filius
804 1966 868 2033 dei
891 1986 941 2033 es.

116 2118 143 2157 rs
191 2090 264 2156 VII.
297 2090 342 2155 ut
372 2094 409 2156 ut
440 2092 480 2155 de
512 2088 691 2155 efficientiis
726 2090 900 2155 ceteramm
936 2106 1056 2173 quoqne
1089 2090 1280 2172 passionum,

149 2211 285 2275 quarum
318 2196 529 2259 narrationem
557 2192 744 2259 intercidere
777 2210 833 2258 nos
861 2192 1011 2275 expositio
1043 2193 1283 2276 gastrimargiae

148 2298 201 2362 nel
235 2296 409 2363 dominicae
441 2296 657 2379 temptationis
692 2298 865 2361 necessario
898 2295 1049 2379 conpulit,
1083 2296 1190 2362 eodem
1222 2312 1283 2379 quo

148 2418 409 2484 proposueramus
439 2399 546 2465 ordine
573 2399 775 2476 disseramus,
809 2398 977 2465 cenodoxia
1008 2400 1102 2481 atque
1136 2398 1284 2482 superbis

148 2504 246 2568 etiarn
275 2504 342 2569 sins
369 2503 436 2569 ullo
463 2503 675 2569 consummari
704 2502 807 2569 solent
837 2502 1013 2568 ministerio
1048 2502 1211 2586 corporali.
1248 2502 1283 2567 in

116 2625 209 2689 aequo
233 2608 318 2673 enirn
340 2610 434 2691 egent
455 2608 578 2673 actione
599 2607 727 2690 cummi
751 2624 832 2688 quae
855 2623 909 2689 pro
926 2604 1107 2671 coniuentia
1122 2606 1154 2671 et
1169 2607 1281 2672 uolun-

147 2713 213 2776 tate
235 2711 307 2776 sola
327 2710 553 2794 conquirendae
575 2710 679 2777 landis
695 2714 727 2776 et
741 2710 897 2776 hnmanae
912 2710 1032 2794 glorias
1049 2712 1280 2793 consequendae

147 2814 274 2879 abunde
295 2812 422 2880 ruinam
436 2815 589 2898 generant
602 2816 726 2879 animae
741 2812 942 2895 captinatae?
956 2816 1011 2879 aut
1026 2831 1119 2895 quam
1135 2810 1312 2879 effoetuma

147 2916 263 2983 babuit
291 2918 482 3002 corporalem
508 2918 662 3001 praedicti
690 2917 828 2983 Luoiieri
856 2916 944 2982 illius
970 2918 1102 3000 antiqua
1123 2916 1282 3001 superbia,

146 3020 208 3086 nisi
231 3021 315 3102 qnod
337 3040 405 3088 eam
429 3021 648 3088 tantummodo
666 3022 771 3087 animo
795 3024 828 3085 et
850 3021 1038 3103 cogitatione
1061 3022 1212 3103 concepit,
1235 3021 1281 3087 ita

117 3124 304 3207 apropbeta
332 3126 610 3192 commemorante:
639 3125 704 3209 qni
733 3124 895 3191 dicebas
927 3125 966 3189 in
995 3127 1213 3191 cordetuo:
1237 3124 1276 3188 in

148 3227 298 3293 caelum
320 3229 594 3308 conscendam,
618 3246 734 3309 snper
756 3231 866 3293 astra
887 3226 950 3293 dei
973 3246 1112 3312 ponam
1134 3227 1280 3293 solium

254 3438 288 3493 12
304 3438 373 3493 Gen.
391 3440 416 3505 3,
433 3441 459 3495 5.
485 3440 537 3494 tlt
555 3440 616 3506 4,8
707 3440 741 3494 14
758 3438 825 3495 Gen.
843 3441 868 3506 3,
886 3441 911 3494 b.
938 3438 987 3493 Mt.
1005 3438 1066 3505 4,6
1159 3440 1193 3495 25
1211 3439 1283 3493 usai.

150 3525 191 3591 14,
210 3524 314 3580 13-14

201 3721 216 3773 1
236 3721 270 3791 ei]
289 3721 314 3775 ei
327 3722 411 3777 estO
500 3723 582 3791 aqui
599 3722 641 3777 D¹
726 3739 783 3778 eam
803 3739 853 3779 orn.
874 3724 897 3779 0
981 3739 1059 3779 ausas
1077 3724 1118 3779 12¹
1147 3725 1188 3777 est
1200 3738 1282 3778 uusns

153 3806 191 3861 W
217 3823 299 3861 ansus
317 3810 360 3861 est
376 3808 449 3863 P’X
549 3810 615 3863 bac
632 3809 727 3864 osu-O
823 3809 920 3864 inmite
942 3810 968 3865 V
1065 3808 1192 3880 dotium]
1210 3810 1282 3863 enirn

152 3892 182 3956 0,
208 3892 394 3949 reddebetum
480 3894 615 3962 periectos
633 3894 657 3949 V
739 3896 882 3965 equoque
900 3895 999 3951 deuicti
1018 3895 1060 3950 1)ι
1146 3898 1163 3950 6
1186 3912 1214 3949 se
1231 3912 1283 3951 om.

150 3978 191 4032 D¹
295 3980 313 4033 9
335 3978 495 4034 discribitur
523 3980 572 4035 W¹
674 3982 855 4036 inlicitatione
880 3982 903 4037 0
1006 3982 1041 4036 10
1064 3984 1106 4037 uel
1129 3982 1207 4037 illum
1228 3984 1282 4053 pri·

149 4080 223 4118 nrum
246 4080 298 4119 om.
323 4066 347 4121 0
448 4070 521 4121 stum
547 4068 581 4124 0¹
685 4068 720 4122 12
741 4070 932 4139 adaperientur
956 4070 988 4125 X
1090 4070 1122 4125 16
1146 4070 1278 4125 rationem

150 4148 181 4203 X
279 4150 441 4206 intercedere
463 4152 582 4208 W¹PX¹
686 4154 719 4209 18
742 4154 829 4224 adque
856 4154 907 4210 VP
1008 4154 1044 4209 20
1067 4155 1219 4211 conibentia
1241 4156 1281 4210 D¹

152 4235 176 4290 0
268 4236 302 4289 21
320 4238 528 4308 consequendas]
547 4240 741 4329 conquirendae
761 4240 801 4297 W
893 4242 927 4296 23
945 4241 1081 4312 corporale
1098 4242 1128 4296 D
1220 4242 1283 4297 sub·

151 4354 243 4422 perbis
263 4356 300 4409 V¹
397 4357 432 4413 25
449 4358 556 4427 profeta
577 4360 630 4414 VD
725 4360 972 4415 admemoranteV
1053 4361 1156 4416 dicibaa
1178 4362 1212 4417 V¹
