3092 4967
273 436 335 502 100
661 428 825 485 Iohannis
843 426 1001 485 cassiani

312 620 352 687 V.
375 620 436 687 Per
453 638 533 704 quae
546 619 709 686 euidenter
722 620 871 703 probatur
884 618 1020 701 gratiam
1035 616 1087 682 dei
1101 634 1136 682 uo
1150 614 1392 685 miserioordiam

270 742 394 807 semper
423 726 543 809 operari
572 725 605 791 iu
634 725 723 790 nobie
751 742 790 789 ea
818 742 896 808 quae
925 722 1004 788 bons
1033 723 1125 787 sunt:
1151 738 1213 803 qua
1234 720 1391 787 deserente

270 827 350 893 nihil
383 828 488 895 ualere
521 829 661 895 studium
692 827 864 894 laborastis
897 831 929 891 et
961 824 1191 909 quantamlibet
1224 822 1392 889 adnitentis

269 930 458 997 industriam
492 932 561 999 sine
594 932 696 1015 ipsius
729 932 844 997 iterum
881 929 1035 997 adiutorio
1068 930 1189 995 statum
1224 926 1392 1011 pristinum

268 1052 449 1119 reeuperare
470 1054 530 1102 non
551 1053 641 1119 posse
667 1035 807 1120 illudque
828 1034 863 1101 in
884 1032 974 1099 nobis
1005 1020 1121 1117 iugiter
1136 1030 1305 1114 adinpleri:
1322 1048 1423 1097 none

268 1138 448 1207 uolentis
476 1158 596 1222 neque
625 1136 846 1217 currentis,
876 1140 940 1204 sed
970 1134 1206 1203 miserentis
1236 1136 1298 1201 ost
1319 1134 1391 1201 dei.

269 1260 348 1329 quae
370 1242 472 1325 gratia
493 1260 725 1327 nonnumquam
747 1262 765 1307 e
787 1239 941 1307 eontrario
963 1238 1163 1324 neglegemus
1184 1255 1221 1321 se
1241 1237 1392 1305 resolutos

269 1343 472 1430 inspiratione
493 1344 552 1410 heo
573 1363 636 1428 que
664 1344 769 1411 dioitis
799 1344 912 1411 saneta
933 1344 966 1409 et
988 1341 1181 1409 abundantia
1202 1341 1391 1426 spiritalium

269 1448 493 1531 eogitationum
521 1446 651 1514 uisitare
681 1466 742 1514 uon
770 1446 907 1525 rennuit,
930 1449 984 1513 ssd
1006 1445 1138 1528 inspirat
1160 1444 1315 1529 indiguos,
1339 1462 1390 1509 er·

269 1550 402 1616 suscitat
416 1550 619 1617 dormitantes
633 1553 667 1615 et
682 1550 852 1617 inluminat
868 1550 1060 1633 ignorantiae
1075 1548 1224 1615 oeeoitate
1239 1564 1423 1630 possessuro

269 1652 497 1736 clementerque
519 1670 576 1719 nos
597 1654 701 1737 arguit
724 1654 818 1735 etque
840 1652 975 1739 uestigat
996 1652 1164 1720 infundens
1186 1670 1220 1718 se
1246 1650 1391 1717 sordibus

270 1755 397 1838 nostris,
429 1761 468 1820 nt
500 1755 552 1821 uel
584 1754 632 1822 sie
663 1756 702 1821 de
734 1756 865 1822 inertiee
897 1772 1004 1822 somno
1039 1753 1265 1839 ooupunotione
1295 1753 1391 1837 ipsius

269 1857 416 1941 instigati
449 1875 634 1942 oonsnrgero
666 1876 877 1944 pronooemur.
923 1858 1054 1942 denique
1088 1858 1266 1941 frequenter
1297 1856 1392 1922 etium

269 1960 417 2028 odoribus
447 1962 532 2026 ultra
560 1980 683 2028 omnem
711 1961 903 2030 suauitatem
932 1959 1154 2044 oonpositionis
1182 1958 1390 2027 nummasio

268 2063 318 2129 his
348 2062 425 2147 ipsis
453 2065 557 2132 subito
585 2065 819 2132 astutioribus
847 2065 1066 2150 adimplemur,
1097 2066 1143 2130 ita
1165 2063 1311 2129 ulmeus
1333 2062 1423 2129 heere

269 2166 474 2234 oblectatione
503 2168 640 2233 resolute
666 2168 701 2235 in
730 2170 885 2251 quendam
913 2166 1043 2251 spiritus
1070 2166 1212 2251 rapiatur
1233 2183 1390 2231 esoessum

268 2288 361 2357 seque
383 2270 557 2337 ooumoreri
579 2271 783 2340 obliuiscetur
804 2271 837 2339 iu
860 2288 961 2337 seme.

311 2389 366 2458 VL
396 2390 436 2456 In
463 2393 588 2457 tantum
616 2409 690 2457 uero
717 2391 810 2457 illum
833 2410 926 2474 quem
947 2389 1080 2458 dimmus
1103 2389 1282 2455 ebsoessum
1303 2389 1335 2454 et
1356 2386 1391 2451 nt

267 2493 314 2559 ite
335 2494 443 2577 loquar
465 2494 669 2561 desertionem
692 2494 743 2561 dei
763 2494 876 2561 beatus
899 2493 1000 2561 Dauid
1022 2494 1136 2561 utilem
1152 2510 1219 2558 esse
1233 2491 1389 2575 eognouit,

268 2597 305 2662 nt
318 2613 515 2679 nequaqnam
530 2614 616 2662 orere
630 2595 789 2681 maluerit,
805 2616 843 2663 ue
855 2598 942 2663 adeo
954 2597 986 2662 in
999 2597 1085 2662 nullo
1097 2596 1223 2679 penitus
1237 2594 1389 2677 relinque·
1399 2616 1423 2657 ιι
1519 2672 1520 2685 ¹

267 2700 356 2763 retur
378 2698 451 2779 (hoo
471 2698 556 2765 enim
577 2698 698 2767 seiebat
718 2700 925 2786 iueougruum
944 2719 1010 2767 esse
1026 2701 1079 2766 uel
1094 2701 1155 2767 siti
1170 2699 1222 2767 uel
1237 2698 1393 2765 humanae
1519 2686 1520 2705 ¹

268 2806 400 2867 naturae
421 2802 461 2867 sd
484 2803 660 2884 quemlibet
680 2804 873 2887 peruenieuti
889 2803 1136 2886 perfeetionem),
1151 2804 1206 2868 sed
1221 2800 1391 2885 temperari

268 2920 337 2969 eam
370 2903 477 2986 potius
509 2906 694 2988 depressius
722 2908 766 2971 sit
796 2906 917 2973 disens:
947 2924 1022 2973 non
1052 2924 1109 2972 me
1131 2904 1390 2989 derelinques
1519 2896 1520 2953 l

266 3026 577 3092 usquequaque,
599 3027 638 3075 eo
658 3009 688 3075 si
709 3010 828 3075 diseret
849 3010 921 3076 aliis
943 3009 1066 3077 uerbis:
1082 3009 1146 3075 seio
1160 3011 1241 3093 quod
1255 3008 1389 3075 derelin-

237 3108 362 3194 2quere
383 3114 484 3179 soleas
506 3113 628 3179 utiliter
649 3115 721 3179 tuos
742 3118 877 3195 sanctos,
900 3116 936 3181 ut
958 3132 1009 3180 eos
1031 3112 1152 3198 probes.
1191 3113 1286 3179 aliter
1308 3114 1419 3179 enims

268 3214 308 3280 ab
330 3214 509 3282 aduersario
531 3217 682 3299 temptari
704 3234 766 3282 nou
789 3218 926 3299 possunt,
949 3217 1009 3283 uisi
1024 3234 1043 3282 a
1057 3217 1089 3281 te
1104 3216 1260 3300 paulisper
1274 3214 1389 3281 fuerim

267 3316 418 3385 derelicti.
455 3318 489 3383 et
509 3319 580 3386 ideo
601 3337 663 3385 non
684 3337 758 3404 rogo
781 3319 819 3385 ut
839 3338 1010 3404 numquam
1028 3338 1078 3385 me
1095 3319 1303 3404 derelinques,
1318 3316 1389 3402 quia

265 3435 328 3485 non
360 3420 485 3503 expedit
517 3422 605 3499 milri,
638 3425 676 3487 nt
704 3439 765 3489 non
793 3422 844 3489 uel
872 3442 975 3491 meam
1004 3422 1223 3489 infirmitatem
1251 3420 1387 3487 sentiens

266 3522 383 3589 dieam:
407 3525 551 3590 bonum
568 3524 668 3591 mihi
682 3526 783 3611 quod
798 3525 1033 3594 humiliasti
1047 3545 1120 3603 me,
1140 3526 1192 3591 uel
1206 3524 1387 3591 exereitium

367 3732 519 3799 511οη9,
541 3734 573 3787 16
674 3735 883 3804 assellus
985 3736 1081 3792 ease.
1100 3737 1158 3805 118,
1176 3736 1209 3790 71

1519 3736 1520 3807 l

318 3930 336 3984 1
361 3926 405 3984 dei
431 3944 481 3986 osu
512 3930 537 3986 0
648 3932 666 3986 3
692 3932 844 3988 laborantes
869 3932 949 3989 D¹P¹
1065 3932 1080 3986 7
1107 3950 1252 4005 numquam
1278 3934 1320 3991 D¹

265 4014 415 4085 8qnamP
491 4016 677 4073 habundantia
686 4017 746 4074 DP
824 4020 973 4076 91911)ῑο
1052 4020 1257 4076 resumentes
1273 4021 1324 4078 ΟΡ

266 4099 298 4155 11
316 4099 402 4170 adque
418 4100 477 4156 ΒΡ
575 4103 609 4157 12
626 4103 759 4159 inheroise
774 4104 813 4161 W
909 4106 942 4161 13
959 4104 1053 4176 etism]
1071 4121 1129 4161 mm
1145 4105 1184 4162 W
1278 4108 1311 4162 14
1326 4120 1385 4161 eon·

264 4186 420 4255 possiiiouis
436 4187 509 4244 D¹P
603 4190 637 4247 15
653 4190 744 4246 subito
762 4207 812 4247 eos
833 4192 858 4249 0
953 4192 985 4247 16
1003 4192 1140 4249 oblatione
1160 4193 1184 4249 0
1269 4194 1304 4249 20
1321 4191 1385 4248 msl·

265 4272 348 4329 luerit
372 4272 453 4332 ΒΨ
551 4274 588 4331 13
613 4276 661 4347 sit]
686 4280 729 4331 est
745 4278 778 4331 s'se
794 4292 848 4333 roe.
866 4280 939 4333 ιιι
964 4277 995 4335 D
1096 4278 1131 4333 24
1157 4278 1253 4334 dleerit
1277 4278 1318 4336 D¹

265 4357 299 4414 16
315 4361 449 4429 temptsre
465 4359 508 4420 D¹
605 4362 640 4417 m
655 4376 715 4417 mes
731 4361 773 4417 D*
868 4362 903 4419 29
920 4362 1050 4433 estquod
1071 4363 1095 4419 0
1188 4363 1252 4433 quis
1269 4364 1321 4421 Xe
1519 4416 1520 4439 p
