3092 4967
325 433 387 499 592
720 430 885 485 lobannis
906 429 1063 486 Cassiani

326 621 417 697 bona,
456 620 530 703 quia
564 622 747 703 plerumque
785 640 890 685 eorum
928 620 1158 685 intermissione
1194 638 1256 686 non
1289 622 1434 703 laedimur,

325 726 421 790 immo
448 724 545 791 etiam
569 726 602 788 in
623 724 793 806 perniciem
821 724 980 790 interdum
1008 727 1132 791 animae
1152 725 1349 807 inportunius
1367 726 1433 791 cela

295 826 416 892 dbrata
442 820 618 893 uertuntur.
657 828 709 893 sed
737 848 795 895 nec
822 829 994 912 principale
1021 831 1141 895 malum
1169 834 1220 895 est
1247 830 1279 895 id
1301 831 1376 913 quod
1394 830 1434 894 illi

325 931 451 999 uidetur
465 934 640 1011 aduersum,
659 930 755 997 idest
770 933 907 998 ciborum
924 935 1112 998 naturaliter
1126 935 1262 999 incunda
1276 934 1432 1015 perceptio:

324 1053 411 1118 qnae,
435 1034 496 1099 nisi
517 1034 758 1117 intemperantia
781 1038 874 1118 atque
891 1036 1015 1100 luxuria
1036 1038 1088 1100 uel
1109 1037 1174 1101 alia
1195 1037 1345 1117 quaedam
1364 1035 1462 1100 uittae

324 1138 561 1221 subsequantur,
578 1139 663 1203 mala
678 1156 739 1203 non
756 1140 861 1221 potest
873 1139 1006 1220 definiri,
1021 1140 1185 1221 quianon
1200 1140 1300 1222 quod
1321 1141 1434 1203 intrat

322 1246 362 1307 in
385 1260 440 1325 os,
465 1242 698 1324 coinquinat
721 1242 935 1317 hominem,
959 1245 1027 1306 sed
1049 1260 1147 1324 quae
1169 1242 1433 1325 proceduntde

323 1368 400 1427 ore,
447 1344 540 1412 haec
577 1347 838 1428 coinquinant
874 1345 1087 1411 bominem.
1140 1347 1307 1430 principali
1341 1348 1430 1429 itaque

323 1452 451 1533 derogat
477 1452 555 1517 bono
587 1468 645 1514 nec
674 1450 809 1532 perlecto
837 1451 894 1514 ant
923 1452 989 1513 sine
1011 1454 1138 1531 peccato
1159 1450 1240 1514 illud
1262 1453 1431 1533 exsequitur,

322 1556 461 1639 quisquis
488 1558 518 1620 id
549 1572 611 1618 non
639 1555 764 1635 propter
792 1572 834 1633 se,
865 1554 920 1618 sed
948 1558 1075 1637 propter
1102 1554 1188 1617 alind
1218 1554 1336 1635 aliquid
1361 1554 1463 1619 facitne

323 1662 427 1724 omnia
457 1660 539 1724 enim
569 1657 659 1721 buius
689 1659 791 1741 gratia
819 1658 960 1723 facienda
987 1660 1070 1739 sunt,
1100 1658 1205 1739 ipsum
1228 1676 1302 1723 uero
1324 1664 1433 1741 propter

323 1782 354 1827 se
378 1764 478 1827 solum
502 1762 551 1825 cst
574 1762 791 1843 expetendum.

364 1882 463 1947 XVII.
499 1882 607 1947 Talem
645 1884 744 1964 igitur
780 1882 990 1948 definitionem
1029 1901 1122 1967 super
1153 1882 1261 1948 ieiunii
1296 1883 1434 1964 qualitate

320 1988 436 2071 iugiter
464 1988 630 2050 retinentes
658 1986 703 2050 ita
731 1986 810 2050 illud
840 1986 914 2051 totis
937 1986 1034 2050 animi
1057 1986 1176 2052 uiribus
1197 1988 1383 2069 adpetamus,
1403 1985 1433 2046 nt

321 2095 426 2155 tamen
455 2090 530 2153 tune
560 2088 684 2153 demum
714 2088 746 2153 id
769 2090 857 2157 nobis
887 2106 1058 2174 congruum
1088 2089 1279 2169 matrimus,
1306 2088 1332 2153 si
1358 2090 1386 2153 iu
1406 2104 1460 2152 eos

320 2198 497 2275 temporum
527 2193 618 2272 ratio,
647 2193 674 2256 si
697 2192 840 2275 qualitas,
868 2194 895 2256 si
919 2212 1066 2258 mensura
1090 2196 1243 2273 seruetur,
1267 2212 1322 2257 nec
1343 2194 1385 2256 ita
1403 2192 1432 2253 ut

320 2298 353 2361 in
382 2297 449 2381 ipso
479 2297 546 2379 spei
575 2299 699 2361 nostrae
727 2297 896 2361 terminum
926 2296 1107 2377 defigamus,
1134 2300 1187 2361 sed
1209 2300 1247 2359 ut
1268 2314 1323 2377 per
1343 2295 1431 2377 ipson

320 2404 357 2467 ad
374 2401 543 2483 puritatem
560 2402 660 2465 cordis
677 2404 707 2465 et
718 2400 919 2483 apostolicam
932 2402 1098 2467 caritatem
1109 2401 1272 2481 peruenire
1283 2400 1431 2484 possimus.

319 2508 476 2589 igiturex
500 2505 557 2569 hoc
579 2506 646 2586 ipso
669 2505 829 2584 ieiunium,
862 2506 911 2569 cui
934 2522 995 2569 non
1018 2504 1120 2569 solum
1142 2504 1292 2586 specialia
1313 2500 1431 2584 praefixa

319 2614 393 2671 sont
416 2614 557 2690 tempora
577 2607 690 2689 quibus
714 2608 764 2671 uel
781 2610 916 2672 exerceri
943 2608 1056 2672 debeat
1070 2607 1122 2672 uel
1138 2609 1267 2685 remitti,
1284 2606 1336 2671 sad
1349 2607 1457 2669 etiams

320 2712 453 2793 qualitas
484 2712 656 2793 modusque
684 2711 858 2794 propositus
880 2714 938 2794 est,
967 2728 1030 2775 non
1052 2710 1224 2793 principale
1247 2713 1366 2784 bonnm,
1386 2706 1431 2770 sed

290 2814 456 2879 2111111111
486 2814 636 2896 quiddam
666 2832 732 2880 asse
762 2814 965 2880 manifestum
996 2819 1054 2879 est.
1094 2820 1234 2878 ceterum
1257 2813 1340 2892 baec,
1366 2828 1430 2893 quae

318 2920 474 2999 praecepti
498 2919 685 2982 auctoritate
707 2919 758 2983 uel
781 2918 970 2983 mandantur
991 2920 1028 2982 ut
1050 2920 1130 2983 bona
1151 2918 1203 2981 uel
1220 2915 1431 2982 interdicuntur

319 3026 354 3086 ut
382 3022 482 3099 noxia,
517 3039 687 3103 numquam
724 3022 770 3085 ita
798 3021 969 3102 exceptioni
1001 3024 1178 3103 temporum
1210 3020 1378 3096 subiacent,
1403 3018 1432 3078 ut

320 3127 475 3188 interdum
498 3129 554 3189 ant
576 3143 655 3207 quae
677 3128 778 3189 uetita
799 3127 875 3189 sunt
892 3124 961 3189 fieri
978 3125 1114 3189 debeant
1130 3127 1186 3189 aut
1200 3142 1279 3205 quae
1293 3127 1457 3206 imperatas

318 3233 393 3291 sont
415 3226 637 3309 praetermitti.
675 3246 731 3292 nec
754 3228 840 3293 enim
861 3228 947 3293 ullus
962 3229 1109 3305 iustitiae,
1131 3227 1313 3310 patientiae,
1328 3222 1430 3290 sobrie

318 3330 387 3408 tati,
426 3330 605 3414 pudicitiae,
646 3331 772 3396 caritati
809 3335 949 3397 statutus
986 3335 1034 3397 est
1069 3332 1191 3414 modus,
1230 3348 1286 3395 nec
1320 3344 1430 3394 mnan

421 3518 437 3570 6
456 3518 507 3571 Mt.
528 3519 569 3583 lb,
590 3520 620 3571 11
672 3576 675 3583 ,

369 3688 386 3741 2
409 3690 551 3757 pernitiem
577 3691 604 3744 B
633 3690 801 3760 pemiticiem
824 3691 866 3744 K¹
969 3690 987 3743 4
1011 3690 1138 3759 cyborum
1161 3688 1232 3741 ΒΚι
1333 3680 1430 3740 iocunda

319 3774 396 3844 BF?
430 3774 572 3830 iudicanda
603 3776 626 3831 Ο
736 3777 752 3830 5
780 3777 885 3830 luxoria
911 3776 979 3830 13¹2
1087 3776 1104 3827 6
1131 3774 1326 3841 subsequentur
1351 3770 1376 3823 Β
1509 3803 1510 3842 r

318 3862 334 3915 8
358 3862 515 3930 coinquinat
537 3862 567 3917 F
667 3864 843 3932 9exequitur
860 3863 914 3918 ΒΟ
1016 3862 1050 3915 10
1066 3860 1106 3930 id]
1121 3861 1172 3915 hoc
1194 3860 1261 3929 Οβυ
1358 3851 1428 3923 solid

319 3949 405 4015 ipsum
424 3947 489 4017 Οβυ
594 3948 797 4004 1211111110
894 3948 1086 4017 expectandum
1105 3946 1135 4001 F
1236 3946 1271 3999 13
1288 3943 1427 4012 qualitatem

318 4032 426 4087 BF¹K¹
527 4032 759 4089 111111111Ρο
855 4037 888 4089 15
906 4034 1008 4088 tan
1102 4032 1136 4085 17
1154 4032 1320 4100 delinquunt
1336 4028 1372 4082 K*

318 4118 351 4172 19
369 4119 468 4172 ieiunio
486 4119 569 4188 nbip
655 4121 739 4173 solum
759 4119 887 4173 1111114Ἴ
970 4120 1006 4173 20
1023 4120 1160 4187 praemitti
1176 4118 1242 4171 KZ*
1267 4106 1426 4185 praetermitti

317 4204 372 4259 Z²c
459 4205 492 4258 22
511 4205 623 4273 quedam
637 4204 677 4259 11¹
705 4207 836 4275 quoddam
850 4206 876 4259 Ζ
961 4197 1373 4274 2311111111111111111111111Ὶ

317 4290 463 4345 mandatur
491 4290 569 4346 ΒΨ)
598 4292 738 4347 mandator
765 4292 804 4345 F¹
922 4292 956 4345 25
982 4292 1104 4360 inperata
1134 4290 1158 4346 0
1186 4292 1309 4359 inparata
1332 4285 1368 4339 Κι
1507 4309 1508 4312 “

318 4378 350 4431 26
369 4378 515 4432 intermitti
534 4378 552 4446 β
