3092 4967
558 469 720 526 ConletIo
743 470 847 526 xxm.
1201 451 1263 538 637

598 1119 612 1156 ’·
633 1119 768 1206 lllIIll.

162 1343 432 1443 coullulo
466 1343 702 1442 lssssluls
736 1343 998 1442 ufluoulu
1030 1343 1238 1440 TERTIA.

511 1568 565 1632 Du
589 1565 891 1632 ANAMARTEI'O.

578 1789 825 1874 trullum.

114 1990 126 2028 s
254 1965 280 2029 1.
305 1964 484 2048 Disputatio
522 1963 643 2029 abbatis
678 1963 820 2029 Theonoe
855 1963 891 2028 de
924 1983 959 2029 eo
993 1963 1073 2046 quod
1107 1964 1263 2046 apostolus

304 2069 394 2134 dioil:
419 2085 490 2131 uon
515 2069 614 2132 enim
637 2069 734 2149 quod
759 2069 849 2133 uolo
872 2067 977 2132 isoio
999 2071 1150 2134 bonum.

238 2172 281 2238 11.
303 2171 407 2236 Multo
430 2169 509 2236 bone
531 2171 704 2252 apostolum
728 2189 966 2236 consummasse.

218 2276 278 2340 lIl.
303 2275 384 2356 Quid
415 2273 457 2338 sit
486 2293 556 2338 uere
585 2276 709 2357 bouum,
740 2274 823 2356 quod
850 2273 1010 2357 apostolus
1039 2277 1262 2357 semetipsum

212 2379 217 2388 '
303 2376 449 2462 perficere
471 2395 532 2442 non
553 2395 642 2459 posse
665 2379 813 2442 testatur.

102 2507 127 2547 ιο
202 2483 279 2546 1111.
304 2482 483 2546 Bonitatem
499 2481 668 2546 humanum
691 2487 784 2565 etque
807 2482 961 2546 iustitiam
978 2501 1037 2546 uon
1055 2499 1123 2546 esse
1138 2481 1261 2557 bonam,

301 2585 329 2647 si
353 2583 480 2648 diuinae
503 2585 637 2650 bonitati
661 2603 696 2650 ao
718 2585 857 2650 iust'tiae
887 2585 1074 2651 conferatur.

207 2695 209 2702 '
239 2685 278 2750 V.
300 2685 466 2752 Neminem
504 2705 625 2752 summo
659 2687 706 2752 illi
740 2689 819 2752 bono
855 2689 1010 2754 intentum
1044 2707 1111 2754 esse
1147 2689 1263 2773 iugiter

301 2809 401 2874 posse.

223 2893 276 2959 VI.
301 2893 388 2973 Quod
410 2895 505 2977 lippis
528 2895 646 2960 similes
677 2895 740 2960 sint
762 2895 796 2958 hi
819 2895 928 2978 quise
951 2895 1084 2960 eredunt
1106 2914 1174 2960 esse
1197 2895 1262 2959 sine

100 3022 126 3062 n
300 3003 435 3082 peccato.

208 3101 277 3168 VII.
301 3101 390 3182 Quod
420 3101 463 3177 hi,
492 3102 546 3183 qui
574 3100 778 3185 pronuntient
807 3122 873 3166 esse
902 3102 1060 3166 homiuem
1083 3121 1173 3184 posse
1195 3103 1261 3166 siue

300 3206 435 3286 peooeto,
458 3203 576 3287 duplici
599 3205 632 3268 iu
655 3205 713 3269 hoe
735 3207 869 3288 agontur
893 3223 1003 3268 errore.

188 3306 275 3372 VIII.
300 3305 387 3386 Quod
410 3325 576 3390 pannorum
600 3308 643 3372 sit
665 3307 847 3390 intellegere
869 3313 1007 3391 peecata.

141 3466 144 3471 .
171 3410 276 3474 Vllll.
301 3409 368 3490 Quo
380 3414 523 3476 cautione
535 3411 717 3476 memoriam
730 3412 779 3478 dei
792 3413 961 3476 monachus
974 3411 1083 3478 debeat
1096 3411 1260 3477 eustodire.

101 3539 126 3578 ιο
173 3515 175 3520 ’
238 3513 277 3578 X.
301 3513 390 3594 Quod
423 3515 456 3580 hi
488 3514 541 3597 qui
569 3515 608 3580 ed
641 3515 865 3596 perfeetiouem
897 3515 1033 3582 tendunt
1060 3515 1094 3580 iu
1127 3514 1262 3580 ueritate

300 3617 505 3682 humilientur
528 3619 559 3682 et
581 3619 631 3683 dei
651 3619 755 3702 gratio
770 3638 891 3700 semper
906 3639 939 3684 se
955 3619 1094 3684 sentiant
1107 3616 1260 3701 indigere.

238 3801 254 3854 6
274 3801 350 3854 Rom.
371 3802 394 3864 7,
415 3803 446 3856 19

186 3972 359 4040 ‘Inpostolus
376 3973 435 4028 BF
527 3974 705 4044 marquart
801 3978 833 4030 11
852 3976 946 4032 uisis)
1040 3991 1092 4030 uon
1110 3975 1261 4032 conferatur
1394 4029 1402 4038 ,

133 4058 161 4112 Β
187 4057 394 4128 conferentur?
490 4062 633 4116 1211100
728 4062 761 4116 14
778 4063 876 4117 slmilis
893 4063 935 4116 Κι
1030 4064 1088 4117 siut
1104 4062 1172 4118 FO:
1197 4067 1262 4116 sunt

131 4143 193 4196 rell.
271 4143 311 4198 hii
329 4144 404 4198 eodcl.
488 4148 519 4201 16
537 4147 577 4200 hii
595 4148 672 4202 codd.
750 4163 826 4216 posse
844 4148 1012 4218 hominem&
1093 4149 1124 4202 11
1143 4151 1261 4217 reguntur

135 4229 159 4284 0
256 4231 288 4284 18
306 4229 380 4284 VIII.
407 4231 483 4298 Quod
501 4233 539 4286 hii
558 4233 604 4302 qui
624 4235 800 4301 pronuntient
816 4251 873 4290 esse
890 4239 997 4305 peccate
1015 4235 1090 4304 (eici)
1106 4236 1136 4304 βε
1164 4251 1261 4304 nempe

133 4315 268 4369 librarius
286 4316 467 4371 uberrumi
484 4319 521 4372 oct
539 4333 598 4388 cap.
618 4325 634 4373 7
732 4321 767 4375 20
785 4319 825 4376 hii
842 4319 918 4377 codd.
1018 4323 1050 4377 21
1069 4339 1098 4386 se
1114 4337 1216 4391 semper
1233 4325 1262 4378 B

134 4405 200 4454 ante
220 4415 321 4469 semper
339 4417 441 4456 rosera
460 4404 490 4456 o'n
508 4404 538 4457 F
639 4421 666 4458 se
685 4407 779 4461 om.O
903 4394 904 4407 ¹
