<?xml version="1.0" encoding="UTF-8"?>
<!DOCTYPE html PUBLIC "-//W3C//DTD XHTML 1.0 Transitional//EN"
    "http://www.w3.org/TR/xhtml1/DTD/xhtml1-transitional.dtd">
<html xmlns="http://www.w3.org/1999/xhtml" xml:lang="en" lang="en">
 <head>
  <title>
</title>
<meta http-equiv="Content-Type" content="text/html;charset=utf-8" />
  <meta name='ocr-system' content='tesseract 3.04.00' />
  <meta name='ocr-capabilities' content='ocr_page ocr_carea ocr_par ocr_line ocrx_word'/>
</head>
<body>
  <div class='ocr_page' id='page_1' title='image "./iohanniscassian00petsgoog_0131.png"; bbox 0 0 3092 4967; ppageno 0'>
   <div class='ocr_carea' id='block_1_1' title="bbox 599 447 1318 519">
    <p class='ocr_par' dir='ltr' id='par_1_1' title="bbox 599 447 1318 519">
     <span class='ocr_line' id='line_1_1' title="bbox 599 447 1318 519; baseline 0.022 -16"><span class='ocrx_word' id='word_1_1' title='bbox 599 447 763 504; x_wconf 82' lang='lat' dir='ltr'>Conlatio</span> <span class='ocrx_word' id='word_1_2' title='bbox 785 448 816 513; x_wconf 85' lang='lat' dir='ltr'>V,</span> <span class='ocrx_word' id='word_1_3' title='bbox 836 450 911 505; x_wconf 84' lang='lat'><strong>1-3.</strong></span> <span class='ocrx_word' id='word_1_4' title='bbox 1258 452 1318 519; x_wconf 80' lang='lat'>121</span> 
     </span>
    </p>
   </div>
   <div class='ocr_carea' id='block_1_2' title="bbox 154 635 1319 1133">
    <p class='ocr_par' dir='ltr' id='par_1_2' title="bbox 154 635 1319 1133">
     <span class='ocr_line' id='line_1_2' title="bbox 226 635 1319 724; baseline 0.005 -22"><span class='ocrx_word' id='word_1_5' title='bbox 226 636 328 702; x_wconf 85' lang='lat' dir='ltr'>XXV.</span> <span class='ocrx_word' id='word_1_6' title='bbox 353 635 548 703; x_wconf 77' lang='lat' dir='ltr'>Testimonis</span> <span class='ocrx_word' id='word_1_7' title='bbox 570 636 694 703; x_wconf 90' lang='lat' dir='ltr'>diuersa</span> <span class='ocrx_word' id='word_1_8' title='bbox 715 656 807 721; x_wconf 90' lang='lat' dir='ltr'>sopor</span> <span class='ocrx_word' id='word_1_9' title='bbox 829 638 1057 724; x_wconf 87' lang='lat' dir='ltr'>significatione</span> <span class='ocrx_word' id='word_1_10' title='bbox 1074 640 1144 705; x_wconf 88' lang='lat' dir='ltr'>octo</span> <span class='ocrx_word' id='word_1_11' title='bbox 1159 642 1319 707; x_wconf 89' lang='lat' dir='ltr'>uitiorum.</span> 
     </span>
     <span class='ocr_line' id='line_1_3' title="bbox 208 738 1319 825; baseline 0.008 -23"><span class='ocrx_word' id='word_1_12' title='bbox 208 738 329 805; x_wconf 85' lang='lat' dir='ltr'>XXVI.</span> <span class='ocrx_word' id='word_1_13' title='bbox 352 739 441 820; x_wconf 77' lang='lat' dir='ltr'>Quod</span> <span class='ocrx_word' id='word_1_14' title='bbox 463 740 590 805; x_wconf 71' lang='lat' dir='ltr'>denota</span> <span class='ocrx_word' id='word_1_15' title='bbox 611 742 754 822; x_wconf 74' lang='lat' dir='ltr'><strong>passione</strong></span> <span class='ocrx_word' id='word_1_16' title='bbox 775 741 867 823; x_wconf 83' lang='lat' dir='ltr'>gulae</span> <span class='ocrx_word' id='word_1_17' title='bbox 891 742 1103 825; x_wconf 77' lang='lat' dir='ltr'>inpendendus</span> <span class='ocrx_word' id='word_1_18' title='bbox 1120 744 1161 809; x_wconf 91' lang='lat' dir='ltr'>sit</span> <span class='ocrx_word' id='word_1_19' title='bbox 1179 743 1264 810; x_wconf 86' lang='lat' dir='ltr'>labor</span> <span class='ocrx_word' id='word_1_20' title='bbox 1280 744 1319 811; x_wconf 86' lang='lat' dir='ltr'>ad</span> 
     </span>
     <span class='ocr_line' id='line_1_4' title="bbox 352 842 846 911; baseline 0.01 -5"><span class='ocrx_word' id='word_1_21' title='bbox 352 842 487 907; x_wconf 84' lang='lat' dir='ltr'>uirtutes</span> <span class='ocrx_word' id='word_1_22' title='bbox 510 844 629 907; x_wconf 87' lang='lat' dir='ltr'>ceterae</span> <span class='ocrx_word' id='word_1_23' title='bbox 652 844 846 911; x_wconf 80' lang='lat' dir='ltr'>obtinendas.</span> 
     </span>
     <span class='ocr_line' id='line_1_5' title="bbox 190 945 1319 1033; baseline 0.004 -22"><span class='ocrx_word' id='word_1_24' title='bbox 190 945 328 1011; x_wconf 86' lang='lat' dir='ltr'>XXVII.</span> <span class='ocrx_word' id='word_1_25' title='bbox 352 945 441 1026; x_wconf 80' lang='lat' dir='ltr'>Quod</span> <span class='ocrx_word' id='word_1_26' title='bbox 470 964 532 1011; x_wconf 93' lang='lat' dir='ltr'>non</span> <span class='ocrx_word' id='word_1_27' title='bbox 559 946 644 1012; x_wconf 89' lang='lat' dir='ltr'>idem</span> <span class='ocrx_word' id='word_1_28' title='bbox 673 947 862 1029; x_wconf 86' lang='lat' dir='ltr'>proeliorum</span> <span class='ocrx_word' id='word_1_29' title='bbox 892 952 965 1015; x_wconf 91' lang='lat' dir='ltr'>ordo</span> <span class='ocrx_word' id='word_1_30' title='bbox 988 948 1031 1013; x_wconf 88' lang='lat' dir='ltr'>sit</span> <span class='ocrx_word' id='word_1_31' title='bbox 1056 949 1113 1031; x_wconf 88' lang='lat' dir='ltr'>qni</span> <span class='ocrx_word' id='word_1_32' title='bbox 1137 951 1263 1033; x_wconf 89' lang='lat' dir='ltr'>ponitur</span> <span class='ocrx_word' id='word_1_33' title='bbox 1285 949 1319 1015; x_wconf 93' lang='lat' dir='ltr'>in</span> 
     </span>
     <span class='ocr_line' id='line_1_6' title="bbox 154 1051 677 1133; baseline 0.01 -23"><span class='ocrx_word' id='word_1_34' title='bbox 154 1071 172 1110; x_wconf 72' lang='lat'>⁵</span> <span class='ocrx_word' id='word_1_35' title='bbox 351 1051 494 1133; x_wconf 81' lang='lat' dir='ltr'>catalogo</span> <span class='ocrx_word' id='word_1_36' title='bbox 517 1051 677 1118; x_wconf 88' lang='lat' dir='ltr'>uitiorum.</span> 
     </span>
    </p>
   </div>
   <div class='ocr_carea' id='block_1_3' title="bbox 739 1242 850 1250">
    <p class='ocr_par' dir='ltr' id='par_1_3' title="bbox 739 1242 850 1250">
     <span class='ocr_line' id='line_1_7' title="bbox 739 1242 850 1250; baseline 0.027 -3"><span class='ocrx_word' id='word_1_37' title='bbox 739 1242 850 1250; x_wconf 78' lang='lat'>..—-.-.</span> 
     </span>
    </p>
   </div>
   <div class='ocr_carea' id='block_1_4' title="bbox 139 1442 1317 1939">
    <p class='ocr_par' dir='ltr' id='par_1_4' title="bbox 180 1442 1317 1839">
     <span class='ocr_line' id='line_1_8' title="bbox 225 1442 1317 1527; baseline 0.004 -20"><span class='ocrx_word' id='word_1_38' title='bbox 225 1442 253 1508; x_wconf 91' lang='lat'>1.</span> <span class='ocrx_word' id='word_1_39' title='bbox 276 1444 311 1507; x_wconf 89' lang='lat' dir='ltr'>In</span> <span class='ocrx_word' id='word_1_40' title='bbox 335 1443 391 1509; x_wconf 94' lang='lat' dir='ltr'>illo</span> <span class='ocrx_word' id='word_1_41' title='bbox 425 1444 515 1509; x_wconf 84' lang='lat' dir='ltr'>coetu</span> <span class='ocrx_word' id='word_1_42' title='bbox 543 1444 833 1527; x_wconf 89' lang='lat' dir='ltr'>antiquissimorum</span> <span class='ocrx_word' id='word_1_43' title='bbox 867 1463 976 1509; x_wconf 90' lang='lat' dir='ltr'>senum</span> <span class='ocrx_word' id='word_1_44' title='bbox 1011 1442 1074 1509; x_wconf 82' lang='lat' dir='ltr'>tuit</span> <span class='ocrx_word' id='word_1_45' title='bbox 1107 1445 1156 1509; x_wconf 90' lang='lat' dir='ltr'>uir</span> <span class='ocrx_word' id='word_1_46' title='bbox 1190 1444 1317 1511; x_wconf 89' lang='lat' dir='ltr'>nomine</span> 
     </span>
     <span class='ocr_line' id='line_1_9' title="bbox 181 1546 1315 1631; baseline 0 -18"><span class='ocrx_word' id='word_1_47' title='bbox 181 1546 344 1629; x_wconf 81' lang='lat' dir='ltr'>Sarapion,</span> <span class='ocrx_word' id='word_1_48' title='bbox 360 1547 499 1629; x_wconf 79' lang='lat' dir='ltr'>adprime</span> <span class='ocrx_word' id='word_1_49' title='bbox 515 1546 621 1631; x_wconf 83' lang='lat' dir='ltr'>gratia</span> <span class='ocrx_word' id='word_1_50' title='bbox 636 1547 830 1613; x_wconf 77' lang='lat' dir='ltr'>discretionis</span> <span class='ocrx_word' id='word_1_51' title='bbox 847 1548 984 1627; x_wconf 87' lang='lat' dir='ltr'>ornatus,</span> <span class='ocrx_word' id='word_1_52' title='bbox 1002 1548 1090 1613; x_wconf 91' lang='lat' dir='ltr'>cuins</span> <span class='ocrx_word' id='word_1_53' title='bbox 1106 1547 1315 1615; x_wconf 87' lang='lat' dir='ltr'>conlationem</span> 
     </span>
     <span class='ocr_line' id='line_1_10' title="bbox 180 1648 1316 1733; baseline 0.004 -19"><span class='ocrx_word' id='word_1_54' title='bbox 180 1648 453 1733; x_wconf 88' lang='lat' dir='ltr'>operaepretium</span> <span class='ocrx_word' id='word_1_55' title='bbox 475 1668 543 1715; x_wconf 87' lang='lat' dir='ltr'>reor</span> <span class='ocrx_word' id='word_1_56' title='bbox 565 1649 682 1715; x_wconf 87' lang='lat' dir='ltr'>litteris</span> <span class='ocrx_word' id='word_1_57' title='bbox 712 1648 846 1715; x_wconf 80' lang='lat' dir='ltr'>tradere.</span> <span class='ocrx_word' id='word_1_58' title='bbox 884 1649 1095 1716; x_wconf 88' lang='lat' dir='ltr'>ambientibus</span> <span class='ocrx_word' id='word_1_59' title='bbox 1118 1650 1203 1716; x_wconf 88' lang='lat' dir='ltr'>enim</span> <span class='ocrx_word' id='word_1_60' title='bbox 1226 1650 1316 1717; x_wconf 87' lang='lat' dir='ltr'>nobie</span> 
     </span>
     <span class='ocr_line' id='line_1_11' title="bbox 180 1752 1315 1839; baseline 0.002 -22"><span class='ocrx_word' id='word_1_61' title='bbox 180 1757 219 1817; x_wconf 88' lang='lat' dir='ltr'>ut</span> <span class='ocrx_word' id='word_1_62' title='bbox 242 1752 281 1818; x_wconf 89' lang='lat' dir='ltr'>de</span> <span class='ocrx_word' id='word_1_63' title='bbox 303 1752 526 1837; x_wconf 75' lang='lat' dir='ltr'>inpugnatione</span> <span class='ocrx_word' id='word_1_64' title='bbox 548 1752 697 1818; x_wconf 89' lang='lat' dir='ltr'>uitiorum</span> <span class='ocrx_word' id='word_1_65' title='bbox 721 1754 828 1836; x_wconf 86' lang='lat' dir='ltr'>alique</span> <span class='ocrx_word' id='word_1_66' title='bbox 842 1753 1027 1837; x_wconf 86' lang='lat' dir='ltr'>disputaret,</span> <span class='ocrx_word' id='word_1_67' title='bbox 1050 1752 1164 1836; x_wconf 88' lang='lat' dir='ltr'>quibus</span> <span class='ocrx_word' id='word_1_68' title='bbox 1180 1754 1315 1839; x_wconf 79' lang='lat' dir='ltr'>origines</span> 
     </span>
    </p>

    <p class='ocr_par' dir='ltr' id='par_1_5' title="bbox 139 1855 1238 1939">
     <span class='ocr_line' id='line_1_12' title="bbox 139 1855 1238 1939; baseline 0.002 -18"><span class='ocrx_word' id='word_1_69' title='bbox 139 1874 292 1921; x_wconf 73' lang='lat' dir='ltr'>sueorum</span> <span class='ocrx_word' id='word_1_70' title='bbox 314 1858 346 1921; x_wconf 87' lang='lat' dir='ltr'>et</span> <span class='ocrx_word' id='word_1_71' title='bbox 367 1874 477 1924; x_wconf 68' lang='lat' dir='ltr'>canem</span> <span class='ocrx_word' id='word_1_72' title='bbox 498 1855 698 1923; x_wconf 85' lang='lat' dir='ltr'>manifestius</span> <span class='ocrx_word' id='word_1_73' title='bbox 720 1856 940 1939; x_wconf 85' lang='lat' dir='ltr'>panderentur,</span> <span class='ocrx_word' id='word_1_74' title='bbox 964 1858 1011 1921; x_wconf 87' lang='lat' dir='ltr'>ita</span> <span class='ocrx_word' id='word_1_75' title='bbox 1033 1876 1157 1923; x_wconf 84' lang='lat' dir='ltr'>exorsus</span> <span class='ocrx_word' id='word_1_76' title='bbox 1181 1860 1238 1923; x_wconf 87' lang='lat' dir='ltr'>est.</span> 
     </span>
    </p>
   </div>
   <div class='ocr_carea' id='block_1_5' title="bbox 139 1976 1316 2476">
    <p class='ocr_par' dir='ltr' id='par_1_6' title="bbox 179 1976 1316 2373">
     <span class='ocr_line' id='line_1_13' title="bbox 225 1976 1316 2062; baseline 0.002 -21"><span class='ocrx_word' id='word_1_77' title='bbox 225 1977 267 2042; x_wconf 86' lang='grc' dir='ltr'>Π,</span> <span class='ocrx_word' id='word_1_78' title='bbox 290 1976 370 2043; x_wconf 88' lang='lat' dir='ltr'>Octo</span> <span class='ocrx_word' id='word_1_79' title='bbox 401 1980 475 2044; x_wconf 90' lang='lat' dir='ltr'>sunt</span> <span class='ocrx_word' id='word_1_80' title='bbox 510 1976 695 2062; x_wconf 86' lang='lat' dir='ltr'>principalia</span> <span class='ocrx_word' id='word_1_81' title='bbox 731 1978 811 2045; x_wconf 86' lang='lat' dir='ltr'>uitia</span> <span class='ocrx_word' id='word_1_82' title='bbox 845 1996 924 2061; x_wconf 83' lang='lat' dir='ltr'>quse</span> <span class='ocrx_word' id='word_1_83' title='bbox 957 1979 1129 2044; x_wconf 88' lang='lat' dir='ltr'>humanum</span> <span class='ocrx_word' id='word_1_84' title='bbox 1163 1977 1316 2043; x_wconf 83' lang='lat' dir='ltr'>infestant</span> 
     </span>
     <span class='ocr_line' id='line_1_14' title="bbox 181 2079 1315 2167; baseline 0 -22"><span class='ocrx_word' id='word_1_85' title='bbox 181 2100 293 2165; x_wconf 86' lang='lat' dir='ltr'>genus,</span> <span class='ocrx_word' id='word_1_86' title='bbox 307 2079 342 2147; x_wconf 91' lang='lat' dir='ltr'>id</span> <span class='ocrx_word' id='word_1_87' title='bbox 357 2086 405 2147; x_wconf 88' lang='lat' dir='ltr'>est</span> <span class='ocrx_word' id='word_1_88' title='bbox 419 2084 556 2166; x_wconf 88' lang='lat' dir='ltr'>primurn</span> <span class='ocrx_word' id='word_1_89' title='bbox 568 2082 801 2166; x_wconf 74' lang='lat' dir='ltr'>gastrimargia,</span> <span class='ocrx_word' id='word_1_90' title='bbox 814 2083 895 2163; x_wconf 88' lang='lat' dir='ltr'>qnod</span> <span class='ocrx_word' id='word_1_91' title='bbox 908 2086 999 2148; x_wconf 87' lang='lat' dir='ltr'>sonat</span> <span class='ocrx_word' id='word_1_92' title='bbox 1010 2082 1131 2148; x_wconf 83' lang='lat' dir='ltr'>uentris</span> <span class='ocrx_word' id='word_1_93' title='bbox 1142 2082 1315 2167; x_wconf 85' lang='lat' dir='ltr'>ingluuies,</span> 
     </span>
     <span class='ocr_line' id='line_1_15' title="bbox 179 2183 1315 2270; baseline 0 -22"><span class='ocrx_word' id='word_1_94' title='bbox 179 2184 355 2250; x_wconf 88' lang='lat' dir='ltr'>secundnm</span> <span class='ocrx_word' id='word_1_95' title='bbox 383 2185 558 2266; x_wconf 87' lang='lat' dir='ltr'>fornicatio,</span> <span class='ocrx_word' id='word_1_96' title='bbox 588 2184 720 2251; x_wconf 89' lang='lat' dir='ltr'>tertium</span> <span class='ocrx_word' id='word_1_97' title='bbox 748 2183 922 2270; x_wconf 80' lang='lat' dir='ltr'>filargyria,</span> <span class='ocrx_word' id='word_1_98' title='bbox 953 2183 986 2248; x_wconf 91' lang='lat' dir='ltr'>id</span> <span class='ocrx_word' id='word_1_99' title='bbox 1014 2188 1061 2249; x_wconf 92' lang='lat' dir='ltr'>est</span> <span class='ocrx_word' id='word_1_100' title='bbox 1090 2184 1226 2251; x_wconf 85' lang='lat' dir='ltr'>auaritia</span> <span class='ocrx_word' id='word_1_101' title='bbox 1247 2185 1315 2249; x_wconf 89' lang='lat' dir='ltr'>siue</span> 
     </span>
     <span class='ocr_line' id='line_1_16' title="bbox 179 2286 1314 2373; baseline 0 -20"><span class='ocrx_word' id='word_1_102' title='bbox 179 2306 269 2355; x_wconf 90' lang='lat' dir='ltr'>amor</span> <span class='ocrx_word' id='word_1_103' title='bbox 290 2289 448 2371; x_wconf 87' lang='lat' dir='ltr'>pecuniae,</span> <span class='ocrx_word' id='word_1_104' title='bbox 471 2292 617 2373; x_wconf 88' lang='lat' dir='ltr'>quartum</span> <span class='ocrx_word' id='word_1_105' title='bbox 639 2290 695 2365; x_wconf 87' lang='lat' dir='ltr'>ira,</span> <span class='ocrx_word' id='word_1_106' title='bbox 719 2289 867 2371; x_wconf 88' lang='lat' dir='ltr'>quintum</span> <span class='ocrx_word' id='word_1_107' title='bbox 891 2286 1032 2367; x_wconf 81' lang='lat' dir='ltr'>tristitia,</span> <span class='ocrx_word' id='word_1_108' title='bbox 1055 2291 1178 2353; x_wconf 87' lang='lat' dir='ltr'>sextum</span> <span class='ocrx_word' id='word_1_109' title='bbox 1194 2289 1314 2367; x_wconf 85' lang='lat' dir='ltr'>acedia,</span> 
     </span>
    </p>

    <p class='ocr_par' dir='ltr' id='par_1_7' title="bbox 139 2390 1315 2476">
     <span class='ocr_line' id='line_1_17' title="bbox 139 2390 1315 2476; baseline -0.004 -18"><span class='ocrx_word' id='word_1_110' title='bbox 139 2390 213 2458; x_wconf 77' lang='lat' dir='ltr'>reid</span> <span class='ocrx_word' id='word_1_111' title='bbox 242 2392 291 2457; x_wconf 88' lang='lat' dir='ltr'>oet</span> <span class='ocrx_word' id='word_1_112' title='bbox 319 2392 458 2458; x_wconf 78' lang='lat' dir='ltr'>anxietas</span> <span class='ocrx_word' id='word_1_113' title='bbox 483 2411 538 2457; x_wconf 90' lang='lat' dir='ltr'>sen</span> <span class='ocrx_word' id='word_1_114' title='bbox 566 2391 708 2458; x_wconf 88' lang='lat' dir='ltr'>taedium</span> <span class='ocrx_word' id='word_1_115' title='bbox 737 2392 847 2470; x_wconf 87' lang='lat' dir='ltr'>cordis,</span> <span class='ocrx_word' id='word_1_116' title='bbox 880 2391 1049 2476; x_wconf 88' lang='lat' dir='ltr'>septimum</span> <span class='ocrx_word' id='word_1_117' title='bbox 1079 2390 1256 2472; x_wconf 80' lang='lat' dir='ltr'>cenodoxia,</span> <span class='ocrx_word' id='word_1_118' title='bbox 1282 2390 1315 2454; x_wconf 93' lang='lat' dir='ltr'>id</span> 
     </span>
    </p>
   </div>
   <div class='ocr_carea' id='block_1_6' title="bbox 178 2492 1069 2579">
    <p class='ocr_par' dir='ltr' id='par_1_8' title="bbox 178 2492 1069 2579">
     <span class='ocr_line' id='line_1_18' title="bbox 178 2492 1069 2579; baseline 0 -19"><span class='ocrx_word' id='word_1_119' title='bbox 178 2497 231 2560; x_wconf 89' lang='lat' dir='ltr'>est</span> <span class='ocrx_word' id='word_1_120' title='bbox 251 2496 405 2561; x_wconf 85' lang='lat' dir='ltr'>iactantia</span> <span class='ocrx_word' id='word_1_121' title='bbox 426 2514 482 2561; x_wconf 91' lang='lat' dir='ltr'>seu</span> <span class='ocrx_word' id='word_1_122' title='bbox 504 2513 587 2561; x_wconf 80' lang='lat' dir='ltr'>uana</span> <span class='ocrx_word' id='word_1_123' title='bbox 607 2495 718 2579; x_wconf 88' lang='lat' dir='ltr'>gloria,</span> <span class='ocrx_word' id='word_1_124' title='bbox 743 2495 890 2561; x_wconf 75' lang='lat' dir='ltr'>octauum</span> <span class='ocrx_word' id='word_1_125' title='bbox 912 2492 1069 2577; x_wconf 88' lang='lat' dir='ltr'>superbia.</span> 
     </span>
    </p>
   </div>
   <div class='ocr_carea' id='block_1_7' title="bbox 139 2614 1316 3008">
    <p class='ocr_par' dir='ltr' id='par_1_9' title="bbox 179 2614 1314 2905">
     <span class='ocr_line' id='line_1_19' title="bbox 225 2614 1314 2700; baseline 0 -21"><span class='ocrx_word' id='word_1_126' title='bbox 225 2615 284 2681; x_wconf 88' lang='lat'><em>111.</em></span> <span class='ocrx_word' id='word_1_127' title='bbox 314 2615 435 2681; x_wconf 88' lang='lat' dir='ltr'>Horum</span> <span class='ocrx_word' id='word_1_128' title='bbox 469 2615 567 2698; x_wconf 85' lang='lat' dir='ltr'>igitur</span> <span class='ocrx_word' id='word_1_129' title='bbox 601 2615 754 2681; x_wconf 88' lang='lat' dir='ltr'>uitiorum</span> <span class='ocrx_word' id='word_1_130' title='bbox 784 2633 899 2700; x_wconf 89' lang='lat' dir='ltr'>genera</span> <span class='ocrx_word' id='word_1_131' title='bbox 931 2618 1005 2681; x_wconf 87' lang='lat' dir='ltr'>sunt</span> <span class='ocrx_word' id='word_1_132' title='bbox 1039 2614 1109 2680; x_wconf 91' lang='lat' dir='ltr'>duo.</span> <span class='ocrx_word' id='word_1_133' title='bbox 1147 2618 1201 2679; x_wconf 88' lang='lat' dir='ltr'>aut</span> <span class='ocrx_word' id='word_1_134' title='bbox 1230 2614 1314 2681; x_wconf 87' lang='lat' dir='ltr'>euim</span> 
     </span>
     <span class='ocr_line' id='line_1_20' title="bbox 180 2716 1313 2803; baseline -0.002 -20"><span class='ocrx_word' id='word_1_135' title='bbox 180 2719 342 2783; x_wconf 82' lang='lat' dir='ltr'>naturalia</span> <span class='ocrx_word' id='word_1_136' title='bbox 363 2720 438 2785; x_wconf 88' lang='lat' dir='ltr'>sunt</span> <span class='ocrx_word' id='word_1_137' title='bbox 460 2720 496 2784; x_wconf 88' lang='lat' dir='ltr'>nt</span> <span class='ocrx_word' id='word_1_138' title='bbox 511 2718 741 2803; x_wconf 83' lang='lat' dir='ltr'>gastrimargia,</span> <span class='ocrx_word' id='word_1_139' title='bbox 757 2721 814 2783; x_wconf 85' lang='lat' dir='ltr'>aut</span> <span class='ocrx_word' id='word_1_140' title='bbox 828 2719 915 2783; x_wconf 84' lang='lat' dir='ltr'>extra</span> <span class='ocrx_word' id='word_1_141' title='bbox 929 2718 1075 2783; x_wconf 84' lang='lat' dir='ltr'>naturam</span> <span class='ocrx_word' id='word_1_142' title='bbox 1092 2719 1127 2782; x_wconf 91' lang='lat' dir='ltr'>ut</span> <span class='ocrx_word' id='word_1_143' title='bbox 1141 2716 1313 2801; x_wconf 84' lang='lat' dir='ltr'>filsrgyria.</span> 
     </span>
     <span class='ocr_line' id='line_1_21' title="bbox 179 2819 1314 2905; baseline -0.003 -18"><span class='ocrx_word' id='word_1_144' title='bbox 179 2821 350 2888; x_wconf 83' lang='lat' dir='ltr'>efficientia</span> <span class='ocrx_word' id='word_1_145' title='bbox 373 2841 446 2888; x_wconf 92' lang='lat' dir='ltr'>uero</span> <span class='ocrx_word' id='word_1_146' title='bbox 468 2822 698 2905; x_wconf 85' lang='lat' dir='ltr'>quadripertita</span> <span class='ocrx_word' id='word_1_147' title='bbox 720 2824 779 2887; x_wconf 83' lang='lat' dir='ltr'>est.</span> <span class='ocrx_word' id='word_1_148' title='bbox 818 2819 971 2904; x_wconf 87' lang='lat' dir='ltr'>quasdam</span> <span class='ocrx_word' id='word_1_149' title='bbox 995 2821 1079 2885; x_wconf 88' lang='lat' dir='ltr'>enim</span> <span class='ocrx_word' id='word_1_150' title='bbox 1102 2821 1169 2885; x_wconf 88' lang='lat' dir='ltr'>sine</span> <span class='ocrx_word' id='word_1_151' title='bbox 1191 2820 1314 2886; x_wconf 89' lang='lat' dir='ltr'>actione</span> 
     </span>
    </p>

    <p class='ocr_par' dir='ltr' id='par_1_10' title="bbox 139 2924 1316 3008">
     <span class='ocr_line' id='line_1_22' title="bbox 139 2924 1316 3008; baseline -0.002 -16"><span class='ocrx_word' id='word_1_152' title='bbox 139 2924 300 2992; x_wconf 65' lang='lat' dir='ltr'>„musti</span> <span class='ocrx_word' id='word_1_153' title='bbox 339 2926 550 2991; x_wconf 87' lang='lat' dir='ltr'>consummari</span> <span class='ocrx_word' id='word_1_154' title='bbox 586 2944 648 2991; x_wconf 92' lang='lat' dir='ltr'>non</span> <span class='ocrx_word' id='word_1_155' title='bbox 686 2931 828 3008; x_wconf 91' lang='lat' dir='ltr'>possunt,</span> <span class='ocrx_word' id='word_1_156' title='bbox 868 2929 904 2989; x_wconf 87' lang='lat' dir='ltr'>nt</span> <span class='ocrx_word' id='word_1_157' title='bbox 942 2926 992 2989; x_wconf 87' lang='lat' dir='ltr'>eet</span> <span class='ocrx_word' id='word_1_158' title='bbox 1025 2924 1250 3008; x_wconf 83' lang='lat' dir='ltr'>gastrimargia</span> <span class='ocrx_word' id='word_1_159' title='bbox 1283 2925 1316 2990; x_wconf 85' lang='lat' dir='ltr'>et</span> 
     </span>
    </p>
   </div>
   <div class='ocr_carea' id='block_1_8' title="bbox 180 3028 1422 3111">
    <p class='ocr_par' dir='ltr' id='par_1_11' title="bbox 180 3028 1422 3111">
     <span class='ocr_line' id='line_1_23' title="bbox 180 3028 1422 3111; baseline 0 -18"><span class='ocrx_word' id='word_1_160' title='bbox 180 3028 360 3105; x_wconf 83' lang='lat' dir='ltr'>fornicatio,</span> <span class='ocrx_word' id='word_1_161' title='bbox 393 3030 548 3110; x_wconf 88' lang='lat' dir='ltr'>quaedam</span> <span class='ocrx_word' id='word_1_162' title='bbox 581 3047 655 3094; x_wconf 90' lang='lat' dir='ltr'>uero</span> <span class='ocrx_word' id='word_1_163' title='bbox 689 3030 788 3094; x_wconf 88' lang='lat' dir='ltr'>etiam</span> <span class='ocrx_word' id='word_1_164' title='bbox 821 3028 887 3094; x_wconf 90' lang='lat' dir='ltr'>sine</span> <span class='ocrx_word' id='word_1_165' title='bbox 920 3028 988 3093; x_wconf 87' lang='lat' dir='ltr'>nlla</span> <span class='ocrx_word' id='word_1_166' title='bbox 1022 3030 1158 3111; x_wconf 88' lang='lat' dir='ltr'>corporis</span> <span class='ocrx_word' id='word_1_167' title='bbox 1192 3028 1314 3093; x_wconf 83' lang='lat' dir='ltr'>actione</span> <span class='ocrx_word' id='word_1_168' title='bbox 1411 3038 1422 3053; x_wconf 85' lang='lat'><strong>·</strong></span> 
     </span>
    </p>
   </div>
   <div class='ocr_carea' id='block_1_9' title="bbox 178 3131 1314 3215">
    <p class='ocr_par' dir='ltr' id='par_1_12' title="bbox 178 3131 1314 3215">
     <span class='ocr_line' id='line_1_24' title="bbox 178 3131 1314 3215; baseline 0 -18"><span class='ocrx_word' id='word_1_169' title='bbox 178 3132 374 3214; x_wconf 76' lang='lat' dir='ltr'>conplentur,</span> <span class='ocrx_word' id='word_1_170' title='bbox 405 3137 440 3197; x_wconf 90' lang='lat' dir='ltr'>ut</span> <span class='ocrx_word' id='word_1_171' title='bbox 463 3137 512 3197; x_wconf 90' lang='lat' dir='ltr'>cst</span> <span class='ocrx_word' id='word_1_172' title='bbox 533 3133 680 3215; x_wconf 85' lang='lat' dir='ltr'>superbia</span> <span class='ocrx_word' id='word_1_173' title='bbox 701 3138 734 3199; x_wconf 89' lang='lat' dir='ltr'>et</span> <span class='ocrx_word' id='word_1_174' title='bbox 755 3132 932 3199; x_wconf 79' lang='lat' dir='ltr'>cenodoxia.</span> <span class='ocrx_word' id='word_1_175' title='bbox 971 3131 1122 3198; x_wconf 88' lang='lat' dir='ltr'>nonnulla</span> <span class='ocrx_word' id='word_1_176' title='bbox 1149 3132 1314 3197; x_wconf 83' lang='lat' dir='ltr'>commoti·</span> 
     </span>
    </p>
   </div>
   <div class='ocr_carea' id='block_1_10' title="bbox 177 3418 1317 4448">
    <p class='ocr_par' dir='ltr' id='par_1_13' title="bbox 177 3418 1317 4448">
     <span class='ocr_line' id='line_1_25' title="bbox 230 3418 1314 3490; baseline 0 -17"><span class='ocrx_word' id='word_1_177' title='bbox 230 3418 333 3473; x_wconf 76' lang='lat' dir='ltr'>‘rm</span> <span class='ocrx_word' id='word_1_178' title='bbox 350 3419 380 3473; x_wconf 93' lang='lat' dir='ltr'><em>D</em></span> <span class='ocrx_word' id='word_1_179' title='bbox 466 3419 631 3488; x_wconf 73' lang='lat' dir='ltr'>passiondD</span> <span class='ocrx_word' id='word_1_180' title='bbox 716 3421 844 3490; x_wconf 87' lang='lat' dir='ltr'>guilan</span> <span class='ocrx_word' id='word_1_181' title='bbox 929 3419 1134 3475; x_wconf 75' lang='lat' dir='ltr'>citerosioD</span> <span class='ocrx_word' id='word_1_182' title='bbox 1218 3419 1314 3474; x_wconf 66' lang='lat' dir='ltr'>ditem</span> 
     </span>
     <span class='ocr_line' id='line_1_26' title="bbox 177 3503 1313 3575; baseline 0.002 -15"><span class='ocrx_word' id='word_1_183' title='bbox 177 3505 220 3560; x_wconf 90' lang='lat' dir='ltr'>D¹</span> <span class='ocrx_word' id='word_1_184' title='bbox 303 3503 367 3559; x_wconf 90' lang='lat' dir='ltr'>ordo</span> <span class='ocrx_word' id='word_1_185' title='bbox 380 3505 541 3573; x_wconf 86' lang='lat' dir='ltr'>proeliorum</span> <span class='ocrx_word' id='word_1_186' title='bbox 555 3504 607 3560; x_wconf 84' lang='lat' dir='ltr'>Xo</span> <span class='ocrx_word' id='word_1_187' title='bbox 692 3506 844 3575; x_wconf 60' lang='lat' dir='ltr'>ocanhgo</span> <span class='ocrx_word' id='word_1_188' title='bbox 856 3504 917 3560; x_wconf 83' lang='lat' dir='ltr'>DX</span> <span class='ocrx_word' id='word_1_189' title='bbox 938 3505 1094 3560; x_wconf 82' lang='lat' dir='ltr'>cataloooO</span> <span class='ocrx_word' id='word_1_190' title='bbox 1174 3505 1313 3562; x_wconf 87' lang='lat' dir='ltr'>niciornrn.</span> 
     </span>
     <span class='ocr_line' id='line_1_27' title="bbox 179 3590 1315 3660; baseline 0.001 -15"><span class='ocrx_word' id='word_1_191' title='bbox 179 3592 296 3646; x_wconf 72' lang='lat' dir='ltr'>Finiunt</span> <span class='ocrx_word' id='word_1_192' title='bbox 324 3590 443 3660; x_wconf 79' lang='lat' dir='ltr'>capitula</span> <span class='ocrx_word' id='word_1_193' title='bbox 469 3590 500 3645; x_wconf 88' lang='lat' dir='ltr'><em>D</em></span> <span class='ocrx_word' id='word_1_194' title='bbox 623 3591 726 3660; x_wconf 84' lang='lat' dir='ltr'>Incipit</span> <span class='ocrx_word' id='word_1_195' title='bbox 751 3592 868 3647; x_wconf 83' lang='lat' dir='ltr'>conlatio</span> <span class='ocrx_word' id='word_1_196' title='bbox 898 3593 965 3660; x_wconf 79' lang='lat' dir='ltr'>(coit</span> <span class='ocrx_word' id='word_1_197' title='bbox 991 3592 1028 3659; x_wconf 88' lang='lat' dir='ltr'>P)</span> <span class='ocrx_word' id='word_1_198' title='bbox 1055 3590 1161 3645; x_wconf 82' lang='lat' dir='ltr'>abbatis</span> <span class='ocrx_word' id='word_1_199' title='bbox 1188 3596 1249 3657; x_wconf 77' lang='lat' dir='ltr'>(oon.</span> <span class='ocrx_word' id='word_1_200' title='bbox 1277 3592 1315 3659; x_wconf 77' lang='grc' dir='ltr'>Ρ)</span> 
     </span>
     <span class='ocr_line' id='line_1_28' title="bbox 179 3676 1317 3749; baseline 0.003 -16"><span class='ocrx_word' id='word_1_201' title='bbox 179 3677 331 3749; x_wconf 75' lang='lat' dir='ltr'>sarapionis</span> <span class='ocrx_word' id='word_1_202' title='bbox 350 3683 447 3745; x_wconf 81' lang='lat' dir='ltr'>(serap.</span> <span class='ocrx_word' id='word_1_203' title='bbox 464 3677 503 3745; x_wconf 87' lang='lat' dir='ltr'>P)</span> <span class='ocrx_word' id='word_1_204' title='bbox 521 3676 554 3731; x_wconf 86' lang='lat' dir='ltr'>do</span> <span class='ocrx_word' id='word_1_205' title='bbox 577 3680 637 3733; x_wconf 84' lang='lat' dir='ltr'>octo</span> <span class='ocrx_word' id='word_1_206' title='bbox 660 3679 737 3733; x_wconf 87' lang='lat' dir='ltr'>uitiis</span> <span class='ocrx_word' id='word_1_207' title='bbox 761 3678 955 3747; x_wconf 83' lang='lat' dir='ltr'>prinoipslibns</span> <span class='ocrx_word' id='word_1_208' title='bbox 977 3678 1073 3748; x_wconf 88' lang='lat' dir='ltr'>(prino.</span> <span class='ocrx_word' id='word_1_209' title='bbox 1093 3678 1170 3733; x_wconf 88' lang='lat' dir='ltr'>uitiis</span> <span class='ocrx_word' id='word_1_210' title='bbox 1190 3678 1228 3745; x_wconf 91' lang='lat' dir='ltr'>P)</span> <span class='ocrx_word' id='word_1_211' title='bbox 1251 3678 1317 3737; x_wconf 86' lang='lat' dir='ltr'>VW</span> 
     </span>
     <span class='ocr_line' id='line_1_29' title="bbox 180 3761 1313 3850; baseline 0 -15"><span class='ocrx_word' id='word_1_212' title='bbox 180 3782 208 3835; x_wconf 91' lang='lat' dir='ltr'><strong><em>P</em></strong></span> <span class='ocrx_word' id='word_1_213' title='bbox 307 3777 409 3847; x_wconf 84' lang='lat' dir='ltr'>Incipit</span> <span class='ocrx_word' id='word_1_214' title='bbox 427 3778 544 3833; x_wconf 85' lang='lat' dir='ltr'>conlatio</span> <span class='ocrx_word' id='word_1_215' title='bbox 562 3761 631 3833; x_wconf 61' lang='lat' dir='ltr'>uffo</span> <span class='ocrx_word' id='word_1_216' title='bbox 648 3779 798 3849; x_wconf 82' lang='lat' dir='ltr'>sarspionis</span> <span class='ocrx_word' id='word_1_217' title='bbox 816 3779 846 3834; x_wconf 90' lang='lat' dir='ltr'><em>D</em></span> <span class='ocrx_word' id='word_1_218' title='bbox 943 3780 1046 3849; x_wconf 87' lang='lat' dir='ltr'>Incipit</span> <span class='ocrx_word' id='word_1_219' title='bbox 1062 3779 1131 3835; x_wconf 90' lang='lat' dir='ltr'>iiber</span> <span class='ocrx_word' id='word_1_220' title='bbox 1149 3780 1262 3850; x_wconf 86' lang='lat' dir='ltr'>quintus</span> <span class='ocrx_word' id='word_1_221' title='bbox 1280 3780 1313 3835; x_wconf 86' lang='lat' dir='ltr'>dc</span> 
     </span>
     <span class='ocr_line' id='line_1_30' title="bbox 179 3865 1313 3935; baseline -0.002 -12"><span class='ocrx_word' id='word_1_222' title='bbox 179 3871 239 3923; x_wconf 78' lang='lat' dir='ltr'>octo</span> <span class='ocrx_word' id='word_1_223' title='bbox 263 3866 335 3920; x_wconf 85' lang='lat' dir='ltr'>uitia</span> <span class='ocrx_word' id='word_1_224' title='bbox 357 3865 516 3934; x_wconf 81' lang='lat' dir='ltr'>principalis</span> <span class='ocrx_word' id='word_1_225' title='bbox 538 3865 656 3920; x_wconf 87' lang='lat' dir='ltr'>eiusdem</span> <span class='ocrx_word' id='word_1_226' title='bbox 681 3867 705 3921; x_wconf 90' lang='lat'><em>0</em></span> <span class='ocrx_word' id='word_1_227' title='bbox 806 3866 909 3935; x_wconf 85' lang='lat' dir='ltr'>Incipit</span> <span class='ocrx_word' id='word_1_228' title='bbox 932 3866 1051 3921; x_wconf 83' lang='lat' dir='ltr'>conlatio</span> <span class='ocrx_word' id='word_1_229' title='bbox 1074 3866 1106 3921; x_wconf 88' lang='lat' dir='ltr'>X</span> <span class='ocrx_word' id='word_1_230' title='bbox 1207 3868 1313 3921; x_wconf 74' lang='lat' dir='ltr'>denti·</span> 
     </span>
     <span class='ocr_line' id='line_1_31' title="bbox 179 3950 1314 4021; baseline 0 -14"><span class='ocrx_word' id='word_1_231' title='bbox 179 3952 289 4020; x_wconf 71' lang='lat' dir='ltr'>sonim.</span> <span class='ocrx_word' id='word_1_232' title='bbox 312 3951 354 4006; x_wconf 86' lang='lat' dir='ltr'>D¹</span> <span class='ocrx_word' id='word_1_233' title='bbox 457 3950 473 4004; x_wconf 83' lang='lat'>&#39;1</span> <span class='ocrx_word' id='word_1_234' title='bbox 497 3951 619 4020; x_wconf 84' lang='lat' dir='ltr'>serapion</span> <span class='ocrx_word' id='word_1_235' title='bbox 640 3952 709 4009; x_wconf 85' lang='lat' dir='ltr'>WX</span> <span class='ocrx_word' id='word_1_236' title='bbox 811 3952 941 4007; x_wconf 77' lang='lat' dir='ltr'>Siitoris</span> <span class='ocrx_word' id='word_1_237' title='bbox 966 3952 998 4006; x_wconf 85' lang='lat' dir='ltr'>X</span> <span class='ocrx_word' id='word_1_238' title='bbox 1099 3952 1133 4006; x_wconf 98' lang='grc'>10</span> <span class='ocrx_word' id='word_1_239' title='bbox 1152 3952 1314 4021; x_wconf 84' lang='lat' dir='ltr'>panderetur</span> 
     </span>
     <span class='ocr_line' id='line_1_32' title="bbox 180 4036 1244 4108; baseline 0 -15"><span class='ocrx_word' id='word_1_240' title='bbox 180 4038 220 4102; x_wconf 91' lang='grc'>0,</span> <span class='ocrx_word' id='word_1_241' title='bbox 242 4042 310 4107; x_wconf 80' lang='lat' dir='ltr'>poet</span> <span class='ocrx_word' id='word_1_242' title='bbox 332 4036 406 4106; x_wconf 74' lang='lat' dir='ltr'>quod</span> <span class='ocrx_word' id='word_1_243' title='bbox 428 4037 543 4092; x_wconf 61' lang='lat' dir='ltr'>nubum</span> <span class='ocrx_word' id='word_1_244' title='bbox 565 4039 661 4093; x_wconf 80' lang='lat' dir='ltr'>statim</span> <span class='ocrx_word' id='word_1_245' title='bbox 677 4052 740 4108; x_wconf 82' lang='lat' dir='ltr'>cop.</span> <span class='ocrx_word' id='word_1_246' title='bbox 758 4040 779 4093; x_wconf 76' lang='lat'><em>2</em></span> <span class='ocrx_word' id='word_1_247' title='bbox 796 4040 896 4108; x_wconf 66' lang='lat' dir='ltr'>incipit</span> <span class='ocrx_word' id='word_1_248' title='bbox 1000 4042 1031 4093; x_wconf 95' lang='lat'>11</span> <span class='ocrx_word' id='word_1_249' title='bbox 1055 4054 1183 4093; x_wconf 81' lang='lat' dir='ltr'>umanum</span> <span class='ocrx_word' id='word_1_250' title='bbox 1204 4038 1244 4092; x_wconf 83' lang='lat'>1&gt;¹</span> 
     </span>
     <span class='ocr_line' id='line_1_33' title="bbox 182 4122 1314 4195; baseline 0.003 -19"><span class='ocrx_word' id='word_1_251' title='bbox 182 4124 216 4177; x_wconf 78' lang='lat'>12</span> <span class='ocrx_word' id='word_1_252' title='bbox 237 4122 494 4194; x_wconf 82' lang='lat' dir='ltr'>qnod..inglnuies</span> <span class='ocrx_word' id='word_1_253' title='bbox 515 4139 567 4178; x_wconf 82' lang='lat' dir='ltr'>om.</span> <span class='ocrx_word' id='word_1_254' title='bbox 589 4125 628 4180; x_wconf 98' lang='lat' dir='ltr'><strong><em>W</em></strong></span> <span class='ocrx_word' id='word_1_255' title='bbox 730 4124 764 4179; x_wconf 80' lang='lat'>13</span> <span class='ocrx_word' id='word_1_256' title='bbox 787 4124 938 4195; x_wconf 79' lang='lat' dir='ltr'>iylsrgyria</span> <span class='ocrx_word' id='word_1_257' title='bbox 959 4124 985 4180; x_wconf 83' lang='lat' dir='ltr'><strong><em>V</em></strong></span> <span class='ocrx_word' id='word_1_258' title='bbox 1012 4122 1155 4193; x_wconf 76' lang='lat' dir='ltr'>tylargirir</span> <span class='ocrx_word' id='word_1_259' title='bbox 1176 4123 1215 4181; x_wconf 89' lang='lat' dir='ltr'><strong><em>W</em></strong></span> <span class='ocrx_word' id='word_1_260' title='bbox 1240 4122 1314 4179; x_wconf 81' lang='lat' dir='ltr'>tiler-</span> 
     </span>
     <span class='ocr_line' id='line_1_34' title="bbox 182 4208 1313 4279; baseline 0.001 -15"><span class='ocrx_word' id='word_1_261' title='bbox 182 4210 252 4279; x_wconf 81' lang='lat' dir='ltr'>giris</span> <span class='ocrx_word' id='word_1_262' title='bbox 268 4208 381 4265; x_wconf 83' lang='lat' dir='ltr'>DOPX</span> <span class='ocrx_word' id='word_1_263' title='bbox 476 4210 566 4265; x_wconf 88' lang='lat' dir='ltr'>senO</span> <span class='ocrx_word' id='word_1_264' title='bbox 667 4211 700 4266; x_wconf 80' lang='lat'>14</span> <span class='ocrx_word' id='word_1_265' title='bbox 717 4226 795 4265; x_wconf 84' lang='lat' dir='ltr'>amur</span> <span class='ocrx_word' id='word_1_266' title='bbox 817 4210 843 4265; x_wconf 85' lang='lat' dir='ltr'><em>V</em></span> <span class='ocrx_word' id='word_1_267' title='bbox 938 4210 1043 4265; x_wconf 76' lang='lat' dir='ltr'>accedia</span> <span class='ocrx_word' id='word_1_268' title='bbox 1064 4210 1112 4266; x_wconf 87' lang='lat' dir='ltr'>W¹</span> <span class='ocrx_word' id='word_1_269' title='bbox 1213 4210 1313 4265; x_wconf 67' lang='lat'>1521:-</span> 
     </span>
     <span class='ocr_line' id='line_1_35' title="bbox 184 4294 1313 4366; baseline 0.002 -17"><span class='ocrx_word' id='word_1_270' title='bbox 184 4297 264 4351; x_wconf 80' lang='lat' dir='ltr'>sistus</span> <span class='ocrx_word' id='word_1_271' title='bbox 289 4297 313 4351; x_wconf 91' lang='grc'><strong>0</strong></span> <span class='ocrx_word' id='word_1_272' title='bbox 416 4298 448 4350; x_wconf 83' lang='grc'>11</span> <span class='ocrx_word' id='word_1_273' title='bbox 471 4296 578 4366; x_wconf 84' lang='lat' dir='ltr'>generis</span> <span class='ocrx_word' id='word_1_274' title='bbox 603 4296 627 4352; x_wconf 91' lang='grc'><strong>0</strong></span> <span class='ocrx_word' id='word_1_275' title='bbox 730 4298 764 4353; x_wconf 87' lang='lat'>18</span> <span class='ocrx_word' id='word_1_276' title='bbox 788 4296 977 4366; x_wconf 76' lang='lat' dir='ltr'>castrimargia</span> <span class='ocrx_word' id='word_1_277' title='bbox 1002 4295 1079 4353; x_wconf 88' lang='lat' dir='ltr'>W¹P</span> <span class='ocrx_word' id='word_1_278' title='bbox 1182 4294 1313 4365; x_wconf 70' lang='lat' dir='ltr'>filargiria</span> 
     </span>
     <span class='ocr_line' id='line_1_36' title="bbox 185 4380 1001 4448; baseline 0.001 -13"><span class='ocrx_word' id='word_1_279' title='bbox 185 4380 294 4437; x_wconf 88' lang='lat' dir='ltr'>DOPX</span> <span class='ocrx_word' id='word_1_280' title='bbox 394 4381 430 4435; x_wconf 84' lang='grc'>00</span> <span class='ocrx_word' id='word_1_281' title='bbox 447 4382 596 4436; x_wconf 71' lang='lat' dir='ltr'>mammeri</span> <span class='ocrx_word' id='word_1_282' title='bbox 618 4382 656 4448; x_wconf 88' lang='lat' dir='ltr'><strong><em>W</em></strong></span> <span class='ocrx_word' id='word_1_283' title='bbox 755 4382 788 4437; x_wconf 78' lang='lat'>21</span> <span class='ocrx_word' id='word_1_284' title='bbox 807 4382 890 4437; x_wconf 85' lang='lat' dir='ltr'>etiam</span> <span class='ocrx_word' id='word_1_285' title='bbox 907 4382 1001 4439; x_wconf 78' lang='lat' dir='ltr'>orn.0</span> 
     </span>
    </p>
   </div>
   <div class='ocr_carea' id='block_1_11' title="bbox 0 0 1557 4967">
    <p class='ocr_par' dir='ltr' id='par_1_14' title="bbox 0 0 1557 4967">
     <span class='ocr_line' id='line_1_37' title="bbox 0 0 1557 4967; baseline 0 0"><span class='ocrx_word' id='word_1_286' title='bbox 0 0 1557 4967; x_wconf 95' lang='lat' dir='ltr'> </span> 
     </span>
    </p>
   </div>
  </div>
 </body>
</html>
