3092 4967
310 426 373 490 110
698 420 863 478 Iohannis
882 421 1038 477 Cassiani

307 611 366 677 bus
388 630 425 677 ex
445 612 539 677 rebus
561 611 723 679 euidenter
753 612 920 698 colligitur,
944 613 1027 697 quod
1048 630 1108 679 nou
1130 612 1233 679 solum
1256 614 1347 679 noxia
1370 632 1427 679 nou

306 716 351 781 sit
378 715 454 781 haec
482 734 561 798 quae
590 718 695 783 matra
723 734 757 781 so
787 715 924 782 inuicem
953 714 1124 783 suscitatur
1153 718 1186 781 in
1216 717 1303 781 uobis
1325 716 1427 781 carnis

307 818 497 902 spiritusque
529 819 696 900 eontentio,
730 838 839 885 uerum
872 820 967 885 etium
999 818 1134 886 multam
1164 818 1255 885 nobis
1290 819 1429 885 conferat

306 920 489 989 utilitatem.

348 1025 417 1091 XV.
444 1026 550 1093 Primo
582 1024 665 1107 quod
692 1023 829 1093 desidias
856 1042 892 1091 ac
921 1025 1132 1109 neglegentias
1162 1026 1283 1091 nostras
1317 1025 1457 1089 stetims

306 1128 411 1211 arguit
430 1129 463 1193 et
484 1132 520 1193 ut
542 1129 669 1212 qnidam
691 1128 947 1212 diligentissimus
969 1128 1166 1213 paedagogus
1189 1128 1427 1193 adistrictionis

307 1233 339 1297 et
360 1232 543 1314 disciplinae
565 1231 650 1297 linea
672 1249 843 1314 numquam
857 1247 913 1295 nos
933 1230 1056 1296 deniare
1072 1232 1251 1311 concedens,
1270 1232 1298 1297 si
1313 1232 1428 1313 paulu-

305 1336 372 1401 lum
399 1336 474 1418 quid
500 1336 648 1403 secuntus
675 1336 782 1401 nostra
809 1352 989 1401 mensuram
1018 1352 1170 1421 congruae
1191 1334 1350 1401 serietatis
1375 1354 1427 1401 ex·

304 1442 440 1518 cesserit,
461 1438 596 1523 flagellis
618 1439 845 1505 incentinorum
875 1438 1019 1504 stimulet
1045 1437 1207 1505 confestim
1228 1442 1260 1503 et
1282 1438 1427 1521 increpat

303 1546 398 1626 atque
419 1544 459 1610 ad
482 1546 700 1626 conpetentem
728 1544 855 1608 reuocat
875 1543 1072 1625 parcitatem.
1109 1541 1243 1609 moundo
1265 1540 1348 1625 quod
1371 1560 1457 1626 pron

303 1646 505 1712 castimoniae
526 1662 564 1711 aa
583 1645 731 1727 puritatis
752 1645 943 1729 integritate,
967 1663 1037 1711 cum
1053 1646 1103 1713 dei
1115 1648 1218 1729 gratia
1234 1646 1426 1711 unumdente

302 1750 349 1815 ita
370 1766 426 1813 nos
445 1750 539 1831 longo
560 1750 698 1831 tempore
724 1749 856 1833 genitali
885 1747 1056 1832 pollutione
1079 1749 1248 1816 uiderimus
1270 1750 1425 1833 inmunes,

304 1857 339 1917 ut
366 1870 407 1917 ne
433 1854 503 1935 ipsa
530 1851 655 1934 quidem
681 1852 819 1935 simplici
849 1854 1044 1919 conmotioue
1071 1853 1174 1919 caruis
1208 1852 1339 1919 ulterius
1370 1871 1426 1919 noe
1532 1883 1533 1947 q

302 1955 523 2039 inquietandos
544 1972 611 2020 ease
627 1955 788 2021 credamus
810 1959 843 2021 et
865 1974 918 2038 per
932 1956 1001 2033 hoo,
1017 1954 1104 2021 uelut
1119 1956 1174 2039 qui
1187 1974 1248 2021 nou
1264 1960 1427 2038 gestemus

304 2058 515 2141 corruptelam
542 2060 654 2140 aarum,
681 2060 714 2125 iu
742 2059 869 2125 somatis
896 2058 1105 2125 conscientiae
1127 2062 1249 2125 nostrae
1272 2058 1458 2125 fuerimusa

301 2161 387 2242 elati,
420 2180 476 2229 suo
502 2180 557 2227 nos
584 2182 710 2229 rursum
740 2162 886 2245 quamuis
915 2162 1020 2245 quieto
1049 2181 1086 2229 oo
1117 2162 1254 2245 simplici
1287 2162 1427 2229 uisitans

301 2264 387 2331 fluxu
408 2266 556 2332 humiliat
576 2284 613 2331 eo
634 2267 776 2331 retundit
804 2284 920 2348 uosque
944 2266 1087 2331 homines
1109 2284 1174 2330 esse
1197 2264 1334 2331 stimulis
1359 2265 1427 2331 suis

272 2369 458 2437 tadmouet.
481 2369 704 2453 quodammodo
719 2369 814 2452 enim,
830 2387 902 2433 oum
916 2371 948 2433 in
965 2370 1075 2435 ceteris
1090 2368 1255 2453 generibus
1271 2368 1427 2435 uitiorum

302 2476 335 2539 et
357 2473 482 2557 quidem
505 2472 699 2557 grauioribus
720 2474 881 2556 magisque
905 2472 1002 2538 noxiis
1020 2470 1251 2539 indifferentius
1264 2472 1427 2539 soleamus

301 2576 455 2642 incurrere
484 2594 542 2641 uec
569 2581 634 2643 tam
661 2578 752 2643 facile
773 2576 806 2641 in
828 2593 935 2641 eorum
958 2593 1189 2658 conpungamur
1210 2574 1360 2655 admissu,
1390 2576 1461 2641 iuro
1536 2608 1537 2613 =

302 2675 362 2741 hoc
381 2676 565 2758 peculiarius
585 2676 770 2742 humiliatur
799 2675 988 2741 conscientia
1008 2680 1116 2741 nostra
1136 2695 1249 2760 perque
1271 2678 1352 2743 hane
1374 2680 1427 2745 in-

301 2778 453 2844 lusionem
468 2779 680 2863 uegleetarum
695 2798 816 2862 quoque
829 2780 1008 2862 passionum
1022 2780 1235 2847 recordatione
1250 2782 1425 2868 mordetur,

301 2882 463 2948 euidenter
476 2882 660 2967 intellegens
672 2884 854 2949 inmundam
865 2902 899 2949 se
910 2884 1025 2949 laetum
1034 2883 1229 2951 naturalibus
1239 2884 1424 2963 incentiuis,

300 3002 380 3067 quae
413 3003 484 3051 oum
517 2990 599 3053 esset
630 2987 808 3053 inmundior
840 2985 1034 3069 spiritalibus
1068 2986 1154 3052 uitiis
1188 2989 1361 3070 ignorabat,
1391 2990 1428 3055 et

300 3106 459 3155 reoumons
480 3090 624 3173 protinus
646 3092 687 3158 ad
709 3091 953 3158 emendationem
982 3090 1148 3157 anterioris
1169 3090 1312 3174 ignauiae
1336 3109 1463 3159 com-re

298 3197 443 3259 monetur
471 3194 588 3276 pariter
615 3213 673 3260 neo
705 3214 798 3278 super
826 3194 1019 3261 successibus
1052 3196 1239 3277 praeteritae
1271 3195 1426 3277 puritatis

299 3295 410 3363 debere
431 3298 592 3376 confidere,
614 3316 707 3381 quam
729 3318 762 3364 se
785 3298 935 3382 perspicit
948 3298 1102 3381 pusillum
1116 3299 1192 3383 quid
1207 3296 1426 3363 declinantem

299 3398 465 3467 adomiuo
485 3400 664 3483 perdidisse,
687 3421 744 3469 nec
763 3421 853 3485 posse
875 3402 966 3468 huius
988 3401 1213 3485 purificationis
1227 3404 1342 3471 donum
1358 3402 1428 3467 nisi

351 3587 364 3640 l
378 3586 522 3653 collegitur
531 3586 574 3642 D¹
659 3590 744 3644 tuos
755 3587 928 3658 diutinorum
940 3587 998 3643 PX
1074 3588 1125 3642 XV
1135 3589 1167 3643 isa
1178 3586 1208 3643 D
1221 3586 1273 3643 del.
1284 3590 1352 3643 Μ

298 3671 418 3726 derideas
429 3671 469 3727 D¹
563 3672 835 3743 dpedagoguecodd.
935 3674 1094 3745 8cougrnae
1107 3672 1197 3729 ΜΟ
1281 3689 1323 3727 ser
1338 3678 1427 3741 (aam-

301 3758 337 3827 V)
355 3759 447 3813 ietatis
469 3756 576 3814 VDW:
605 3760 740 3814 serietmir
758 3760 938 3815 districtionis
956 3759 986 3814 X
1015 3758 1192 3815 districtionis
1209 3759 1246 3814 P'
1264 3760 1426 3814 seueritatis

301 3846 345 3902 Oo
441 3844 579 3916 allegem
596 3845 636 3900 D¹
734 3847 767 3901 10
784 3846 869 3915 adque
890 3844 969 3901 7οΡ
1064 3846 1098 3899 ad
1115 3862 1164 3901 nm.
1187 3844 1214 3900 V
1304 3846 1427 3902 sacundtl

296 3931 339 3988 D¹
434 3932 467 3987 12
484 3948 501 3986 a
517 3932 633 4003 genitale
650 3936 675 4001 (a
692 3935 725 3987 ia
742 3934 751 3987 i
770 3936 878 4003 muta.)
895 3931 925 3987 D
1012 3932 1159 4001 pullutiem
1180 3930 1208 3987 V
1299 3932 1333 3988 13
1349 3948 1427 3989 conr·

296 4018 416 4072 mutione
439 4016 478 4072 W
567 4017 600 4072 14
616 4018 747 4073 oredimus
764 4018 806 4073 12¹
899 4018 932 4073 15
948 4018 1134 4087 corruptellnm
1157 4016 1209 4073 VP
1292 4018 1325 4072 19
1343 4021 1425 4088 equi-

296 4103 356 4157 dem
384 4104 408 4159 0
528 4103 677 4159 solebamus
699 4103 729 4159 D
846 4105 882 4159 20
904 4103 1018 4159 admisso
1040 4103 1112 4158 D’X
1143 4104 1289 4159 admissum
1316 4103 1350 4159 0ι

296 4188 329 4242 21
355 4204 403 4258 per
428 4188 548 4258 hancque
577 4190 602 4244 0
705 4190 742 4243 22
766 4190 943 4247 neclectarum
969 4188 999 4243 D
1106 4190 1140 4245 ‘25
1166 4190 1283 4258 protinus
1307 4188 1349 4243 1)·

295 4274 511 4329 emundationem
533 4273 561 4329 V
658 4276 698 4331 id
716 4275 836 4333 ueWX
937 4274 971 4331 ‘di
994 4276 1123 4347 perrpeeit
1149 4274 1175 4331 V
1274 4276 1425 4345 pussillum

294 4360 336 4417 D¹
439 4361 474 4417 28
491 4362 661 4432 mentionis
682 4361 706 4417 0
