3092 4967
461 491 623 548 conlatio
643 493 738 560 XIIII,
755 495 849 549 9-11.
1152 495 1222 561 411

106 683 277 749 multitudo:
301 699 379 764 quae
393 679 643 764 propitiatorium
659 679 719 758 dei,
742 681 774 746 id
790 683 838 746 est
852 679 1068 764 placiditatem
1083 681 1219 763 pectoris

106 786 150 850 tui
177 783 290 867 iugiter
324 786 486 868 protegent
518 784 550 849 et
580 802 600 852 a
628 785 751 850 cunctis
785 783 977 866 spiritalium
1011 783 1219 866 nequitiarum

105 887 268 954 inmusibus
283 886 524 953 obumbrabunt
549 887 581 951 et
602 886 650 954 ita
671 903 760 952 mens
782 889 837 951 tua
858 903 921 952 non
943 886 1045 952 solum
1066 886 1100 950 in
1115 904 1219 952 arcam

106 989 196 1056 diuini
216 990 405 1067 mamenu,
427 1008 537 1055 uemm
560 988 658 1056 etiam
673 989 708 1054 in
722 1007 855 1071 reguum
870 989 1061 1055 sacerdotale
1075 994 1222 1072 prouecta

88 1113 154 1177 sper
184 1092 430 1160 indissolubilem
466 1092 613 1175 puritatis
648 1091 796 1158 allectum
833 1091 1059 1174 quodammodo
1095 1092 1220 1158 absorta

105 1197 287 1280 spiritalibus
324 1196 497 1279 disciplinis
533 1195 615 1260 illud
647 1195 781 1279 inplebit
815 1193 993 1276 pontificale
1025 1195 1220 1272 mandatum,

106 1303 177 1382 quod
211 1319 230 1366 a
264 1298 444 1384 legislatore
478 1299 526 1365 ite
562 1296 766 1380 praecipitur:
804 1299 843 1363 et
874 1298 918 1364 de
955 1298 1109 1364 sanctis
1146 1316 1220 1364 non

106 1403 338 1488 egredietur,
367 1420 412 1468 ne
440 1401 598 1486 polluat
625 1402 895 1467 sanctuarium
923 1399 999 1480 dei,
1029 1399 1063 1465 id
1092 1401 1140 1466 eet
1168 1417 1221 1466 cor

106 1525 196 1584 mum,
227 1507 260 1571 in
293 1523 354 1588 quo
386 1505 501 1588 iugiter
532 1504 748 1570 habitaturum
781 1521 815 1570 se
849 1503 994 1570 dominus
1028 1503 1221 1586 repromittit

81 1609 212 1676 seduense
240 1606 480 1675 inhabitabo
510 1610 547 1674 in
578 1607 634 1672 eis
664 1609 702 1672 et
730 1606 838 1672 inter
868 1606 965 1673 illos
997 1605 1219 1674 ambulabo.

106 1711 294 1793 quamobrem
316 1712 484 1795 diligenter
509 1712 677 1778 memoriae
703 1712 938 1778 conmendanda
962 1714 1011 1776 eet
1032 1713 1064 1776 et
1086 1711 1251 1780 incesse-4

105 1812 204 1880 biliter
223 1816 413 1882 recensenda
433 1833 593 1882 sacrarum
611 1814 710 1880 series
732 1815 968 1897 scripturarum.
1006 1815 1083 1880 haec
1104 1815 1222 1880 etenim

106 1919 305 1986 meditationis
326 1918 443 2001 iugitas
466 1918 623 2002 duplicem
644 1919 733 1984 uobis
748 1917 887 1984 conferet
904 1918 1060 1986 fructum:
1083 1920 1222 2004 primum

107 2022 187 2104 quod,
222 2023 298 2088 dum
331 2023 365 2088 in
397 2021 537 2105 legendis
572 2039 610 2088 ao
646 2023 793 2106 parandis
830 2021 1016 2090 lectionibus
1054 2023 1222 2106 occupatur

81 2127 210 2192 sementis
230 2127 374 2200 intentio,
405 2145 531 2194 became
561 2130 609 2191 est
630 2127 667 2192 ut
688 2126 785 2192 nullis
811 2127 974 2191 noxiarum
997 2125 1222 2207 cogitationum

107 2227 214 2309 heusis
235 2231 429 2312 eaptiuetnr:
452 2231 563 2296 deiude
579 2231 662 2313 quod
676 2249 724 2314 ea,
742 2249 821 2314 quae
837 2232 1023 2299 creberrima
1038 2229 1223 2312 repetitione

107 2348 250 2414 percursa,
283 2335 359 2398 dum
391 2334 560 2400 memoriae
593 2332 715 2399 tradere
749 2333 939 2410 laboramus,
973 2331 1156 2412 intellegere
1189 2331 1221 2396 id

108 2432 241 2516 temporis
274 2435 415 2518 obligata
446 2441 552 2502 mente
584 2454 647 2502 non
675 2435 843 2519 erubuimus,
877 2438 985 2518 postea
1014 2435 1053 2500 ab
1083 2435 1222 2500 omnium

108 2536 219 2602 actuum
240 2556 279 2604 ac
301 2539 458 2604 uisionum
480 2538 646 2604 inlecebris
672 2537 810 2605 absoluti
831 2537 1056 2622 praecipueque
1071 2537 1224 2603 nocturna

82 2638 298 2708 »meditatione
319 2642 409 2708 taciti
431 2643 630 2708 reuoluantes
652 2643 767 2708 clarina
789 2641 958 2718 intuemur,
981 2642 1027 2706 ita
1049 2643 1086 2706 ut
1117 2640 1220 2706 occul·

108 2741 291 2810 tiasimcmm
313 2763 470 2829 sensuum,
494 2757 571 2829 quos
593 2765 632 2811 ua
655 2747 742 2812 tenni
758 2745 884 2828 quidem
899 2745 1071 2828 uigilantes
1087 2743 1222 2827 opinati-

107 2860 156 2909 one
175 2847 379 2932 percepimus,
408 2849 641 2932 quiescentibus
669 2848 759 2914 nobis
783 2854 815 2914 et
837 2850 925 2915 uelut
947 2848 1067 2932 soporis
1097 2853 1223 2929 stupore

107 2949 242 3016 demersis
263 2951 484 3036 intellegentia
504 2953 671 3018 reueletur.

142 3067 194 3135 XI.
224 3069 386 3137 Crescente
416 3073 523 3138 autem
552 3091 607 3156 per
635 3071 695 3136 boc
721 3071 864 3137 studium
887 3071 1085 3136 innonaticne
1107 3069 1224 3134 mentis

80 3175 217 3238 anostrae
239 3173 335 3238 etiam
357 3175 582 3256 scripturarum
605 3175 702 3242 iacies
727 3173 858 3256 incipiet
881 3174 1033 3257 innouari,
1049 3175 1081 3236 et
1095 3173 1224 3237 sacrati·

106 3275 160 3338 oris
185 3276 420 3360 intellegentiae
451 3278 649 3361 pulchritudo
683 3276 910 3360 quodammodo
943 3295 1015 3341 cum
1044 3274 1223 3358 proficiente

106 3379 245 3458 proiciet
286 3397 342 3463 pro
371 3382 543 3463 capacitate
577 3381 659 3446 enim
694 3380 902 3445 bumanorum
935 3396 1081 3444 sensuum
1115 3395 1222 3442 aarum

108 3497 215 3563 quoque
237 3486 356 3565 species
378 3485 540 3567 coaptatur
564 3486 596 3549 et
618 3483 670 3549 nel
691 3485 816 3550 terrena
837 3481 1014 3548 carnalibus
1036 3482 1086 3546 uel
1116 3479 1223 3545 diuina

108 3585 290 3664 spintalibus
314 3587 487 3672 adparebit
513 3587 560 3652 ita
583 3587 676 3670 athi,
693 3586 806 3669 quibus
821 3589 913 3652 antea
928 3584 1095 3651 uidebatur
1111 3584 1222 3648 crassis

81 3688 281 3767 aquibusdnm
303 3691 425 3757 nebulis
446 3691 598 3766 inuoluta,
614 3709 670 3756 uec
685 3689 897 3755 subtilitatem
913 3687 980 3754 eius
997 3687 1223 3770 deprehendere

198 3895 213 3947 t
230 3894 292 3950 Les.
311 3895 354 3960 21,
373 3895 407 3950 12
510 3894 592 3950 1011
610 3894 668 3950 Cor.
687 3895 712 3960 6,
730 3895 764 3948 16

153 4081 243 4137 barca
259 4084 290 4135 Π
382 4083 509 4152 datiam]
529 4086 621 4138 manen
637 4083 668 4134 Π
763 4083 780 4138 5
798 4081 968 4136 insolubilem
987 4081 1022 4132 Τ*
1114 4078 1223 4147 pietatis

109 4166 132 4214 'P
216 4168 325 4224 absorta
343 4169 465 4222 ΣΠΤΟ
563 4167 597 4222 12
615 4167 707 4222 scribi.
726 4169 751 4218 Y
854 4167 886 4222 13
903 4165 1007 4220 eoniart
1024 4165 1064 4230 Π,
1082 4163 1130 4218 aed
1147 4166 1175 4218 rt
1192 4164 1224 4216 aba

109 4263 157 4304 rar.
173 4269 205 4308 aa.
222 4259 240 4308 2
329 4255 362 4310 14
380 4254 408 4308 in
426 4253 557 4324 legendis]
576 4252 766 4322 intellegendis
783 4253 814 4304 Π
904 4253 934 4306 il
953 4267 1079 4321 percussa
1096 4248 1154 4302 ΣΟ

109 4334 140 4390 ab
161 4340 321 4396 reuoluantis
346 4341 387 4393 Πι
489 4341 523 4394 22
549 4340 634 4409 uelut]
661 4339 706 4394 uel
731 4339 780 4392 llo
888 4338 922 4394 23
949 4337 1072 4392 dimersis
1099 4336 1156 4386 ΣΤ

109 4421 140 4476 25
155 4425 242 4480 scribi.
259 4426 293 4480 l*
397 4426 432 4480 26
449 4425 634 4496 quodadmodo
652 4427 681 4476 Σ
783 4425 817 4480 29
835 4424 874 4478 bii
894 4423 953 4476 ΣΟ
