3092 4967
470 429 634 487 teulerie
658 429 720 496 vn.
737 430 832 488 8-11.
1180 432 1239 501 191

120 618 265 699 lustrent,
288 623 440 702 tsntsque
462 619 546 687 inter
574 618 658 703 ipsos
678 638 716 687 se
733 622 876 702 umentem
902 620 1006 689 unitus
1027 618 1093 698 fist,
1116 621 1152 687 ut
1173 620 1243 687 sine

118 724 164 791 dei
200 724 317 807 grstia,
356 723 432 808 quid
467 742 505 791 ex
539 722 668 791 iliorum
703 722 917 801 inritamento,
953 724 1029 807 quid
1065 742 1103 791 ex
1135 728 1245 791 noetus

120 826 280 895 uoluntste
300 827 457 910 prosedet,
479 826 614 893 disoerni
635 844 735 910 posue
754 845 817 893 nou
838 826 961 909 possiti

155 948 194 1014 11.
220 964 390 1015 ssurvsx
412 948 485 1014 Nou
505 947 623 1015 mirum
638 948 689 1014 est
701 964 793 1031 posse
807 948 954 1032 spiritum
970 948 1094 1033 spiritui
1109 948 1242 1015 insensi-

100 1051 220 1117 otiliter
248 1051 408 1137 oouiugsri
429 1052 462 1117 et
482 1050 638 1117 ooeultsm
665 1051 817 1118 suedendi
839 1051 906 1117 uim
927 1052 968 1119 od
990 1068 1027 1117 eu
1047 1068 1127 1135 quse
1149 1050 1243 1119 libita

117 1154 230 1220 insint
241 1172 392 1221 exeroere.
409 1156 459 1221 est
471 1154 556 1220 euim
569 1153 654 1242 inter
671 1172 724 1221 sos
740 1155 825 1221 sieut
839 1154 921 1220 iuter
935 1153 1075 1221 homines
1090 1148 1242 1239 quendem

117 1258 307 1325 mtstsntise
328 1258 502 1325 similitudo
524 1258 619 1341 stoue
640 1258 795 1343 oegroto,
822 1256 978 1341 siquidem
993 1257 1142 1341 definitio,
1162 1276 1241 1343 quse

117 1362 153 1427 ds
166 1365 280 1429 ueturs
294 1360 418 1429 suimoe
431 1361 618 1445 adsumitur,
634 1362 734 1427 etium
747 1362 876 1427 illorum
890 1361 1085 1428 subeuntiso
1093 1362 1242 1429 similiter

119 1466 285 1549 oosptetur.
323 1466 508 1532 dttueeous
538 1482 611 1532 uero
640 1482 692 1532 sos
721 1464 784 1531 siti
812 1462 907 1531 inseri
937 1466 991 1532 uel
1020 1464 1113 1550 uniri,
1139 1467 1185 1532 its
1205 1470 1243 1531 ut

88 1584 209 1651 oospu
243 1570 325 1635 aiter
356 1569 487 1635 alterius
520 1586 587 1635 esse
615 1569 723 1652 possit,
752 1566 941 1634 omnimodis
971 1566 1157 1650 inpossibile
1183 1572 1241 1637 est.

118 1670 173 1738 hoo
192 1688 330 1755 namque
351 1672 547 1739 solummodo
565 1671 686 1753 deitsti,
709 1688 790 1755 quse
811 1672 879 1738 eolo
894 1671 1074 1756 inoorpores
1094 1674 1242 1759 simplex·

117 1793 173 1859 qus
192 1778 311 1843 ustura
332 1778 389 1855 est,
409 1777 583 1842 tentissime
605 1774 768 1842 tribuitur.

156 1896 211 1963 111.
228 1912 430 1964 unusve:
445 1896 530 1963 Huio
541 1897 659 1963 rationi
674 1897 752 1962 sotis
767 1896 958 1963 arbitramur
973 1914 1039 1962 esse
1054 1896 1243 1964 eontrarium

119 2000 195 2067 iliud
217 2002 301 2085 quod
321 2003 465 2068 uidemus
487 2002 521 2066 iu
542 2002 721 2085 edreptioiis
744 2000 823 2079 fieri,
854 2018 924 2067 eum
946 1998 1055 2066 edisti
1078 1999 1242 2085 spiritibus

90 2120 113 2161 o
120 2103 278 2170 inmundis
300 2104 469 2187 loquuntur
489 2107 523 2169 et
546 2107 645 2188 egunt
666 2123 703 2171 eo
718 2122 797 2187 quoe
813 2104 967 2171 nesoiunt.
1001 2104 1154 2187 quomodo
1170 2120 1244 2188 ergo

120 2207 241 2275 unimus
270 2224 378 2273 eorum
410 2205 575 2290 spiritibus
603 2206 669 2273 illis
688 2222 759 2273 ‘non
790 2210 952 2273 oredumus
983 2208 1076 2287 uniri,
1111 2226 1244 2291 quorum

120 2310 189 2377 illes
209 2310 358 2377 uidemus
379 2310 469 2376 uelut
495 2328 645 2393 organum
667 2310 770 2377 iuotos
793 2312 826 2376 et
842 2310 991 2377 derelioto
1006 2310 1142 2377 netur-sii
1157 2314 1244 2377 stetu

120 2413 156 2478 ud
183 2414 313 2480 illorum
334 2414 438 2480 motus
466 2414 671 2496 sdieetusque
691 2414 835 2491 transire,
862 2414 909 2479 its
930 2416 968 2479 ut
989 2414 1052 2480 ium
1074 2430 1135 2479 uon
1157 2430 1243 2493 sues,

121 2517 171 2582 sed
192 2517 322 2583 illosum
344 2534 434 2582 uooee
453 2520 486 2581 ot
508 2517 616 2601 gestus
638 2516 879 2601 uoluntatesque
901 2517 1105 2601 depromant?

93 2653 115 2695 n
158 2634 229 2703 XII.
248 2652 413 2703 enumeret
430 2635 610 2703 Praedictue
625 2634 800 2703 definitioni
816 2636 939 2703 nostroe
954 2655 1015 2703 non
1032 2637 1078 2702 est
1095 2638 1244 2703 eontrari-

123 2758 173 2805 um
185 2740 218 2807 id
232 2739 314 2823 quod
329 2739 433 2806 dioitis
448 2740 481 2805 in
495 2738 711 2827 energumenis
726 2739 805 2821 fieri,
820 2758 893 2806 eum
907 2738 1071 2823 spiritibus
1085 2738 1244 2806 inmundis

123 2842 239 2927 adrepti
260 2844 432 2928 loquuntur
452 2844 504 2909 uel
525 2845 625 2928 egunt
647 2863 683 2910 eu
706 2862 785 2927 quse
806 2842 918 2910 nolunt
938 2845 991 2909 uel
1012 2842 1095 2927 quod
1111 2862 1148 2910 es
1163 2862 1242 2929 quse

122 2946 261 3029 ignorent
289 2946 428 3030 proferre
455 2950 617 3031 eoguntur.
655 2964 718 3014 uon
747 2948 832 3015 enim
861 2964 922 3013 uno
951 2946 1044 3014 modo
1076 2948 1172 3014 istem
1194 2966 1244 3014 eos

123 3049 303 3116 infusionem
326 3049 498 3133 spirituum
518 3054 672 3117 sustinere
694 3050 904 3117 certissimum
927 3052 983 3117 est.
1018 3050 1144 3134 quidem
1159 3050 1243 3117 enim

94 3152 163 3216 urie
189 3152 355 3231 adflantur,
384 3154 422 3220 ut
451 3172 646 3238 nequaquem
676 3174 713 3221 es
742 3173 822 3238 quse
851 3154 967 3239 gerunt
994 3155 1047 3220 uel
1076 3154 1244 3238 loquuntur

124 3256 313 3340 intellegunt,
343 3257 472 3341 quidum
493 3276 566 3324 uero
595 3259 710 3324 norunt
731 3261 764 3325 et
785 3262 895 3343 postes
915 3256 1122 3324 recordentur.
1161 3258 1243 3342 quod

124 3356 188 3425 fieri
209 3378 262 3443 per
283 3360 473 3428 infusionem
502 3360 631 3445 spiritns
658 3361 804 3427 inmundi
834 3378 896 3426 non
917 3363 964 3427 its
989 3363 1162 3445 putendum
1183 3362 1242 3439 est,

125 3461 211 3527 utin
237 3464 358 3530 enimse
387 3464 488 3548 ipsius
517 3468 682 3549 penetrans
712 3464 924 3532 substentism
953 3465 986 3531 et
1015 3464 1104 3531 uelut
1133 3463 1241 3530 unitus

125 3564 152 3628 ei
182 3566 214 3631 et
244 3568 470 3649 quodammodo
506 3566 638 3634 indutus
670 3585 708 3634 es
739 3586 896 3634 sermones
929 3586 965 3633 eo
997 3567 1093 3633 uerba
1126 3584 1181 3649 per
1210 3586 1243 3634 os

173 3853 275 3922 lipsus
293 3854 320 3909 V
384 3854 549 3925 2quidquid
566 3872 597 3910 er
612 3857 706 3911 nosos
721 3855 763 3909 D¹
832 3856 932 3925 3pene
949 3853 1033 3911 VDX
1060 3854 1177 3924 pleuto

126 3952 197 4006 posse
226 3938 253 3993 V
349 3942 498 3997 ooooults
526 3942 561 3996 V¹
663 3942 794 4010 'indque
820 3940 887 3997 VW
986 3940 1190 4011 equoopoeeur
1216 3940 1245 3994 D

127 4039 174 4093 quo
190 4024 314 4082 hsbtetur
339 4027 365 4083 0
466 4028 499 4082 12
525 4028 661 4082 tribuetur
685 4026 797 4083 DW'P
899 4026 933 4081 14
956 4027 1106 4095 arreptitiis
1128 4026 1159 4081 D
1187 4042 1245 4080 ere·

128 4110 214 4179 ptioiis
228 4112 266 4167 W
351 4114 523 4183 reloquitur
540 4114 581 4168 D¹
609 4114 735 4168 ioountnr
752 4110 851 4167 D²PX
936 4111 968 4166 17
987 4112 1116 4167 dereleto
1134 4113 1176 4168 1)ι

130 4197 451 4269 111ιι1ιοοιοιιιιιι1111117ΙΙ
533 4201 566 4255 19
584 4203 674 4269 gestos
686 4199 729 4253 D*
797 4198 833 4253 110
850 4198 1011 4253 deienioioni
1026 4198 1064 4253 W
1163 4199 1195 4253 21
1215 4199 1244 4251 in

129 4297 174 4337 ore.
191 4284 307 4341 DWOP
393 4287 577 4355 energuminis
592 4286 650 4341 VX
673 4284 851 4354 inerguminis
861 4283 986 4340 DWOP
1069 4284 1103 4339 24
1119 4286 1244 4354 spiritum

131 4369 166 4422 11·
261 4371 555 4429 itloounturDWX
655 4370 803 4427 ttinere.
826 4368 888 4425 WO
