3092 4967
689 414 852 470 Iohannis
870 413 1027 471 Cassiani

813 1134 897 1218 ΙΠΙ.

337 1356 650 1455 conuiuio
690 1354 968 1453 nunriis
1007 1352 1371 1453 DANIHELIS.

393 1578 448 1644 ne
475 1575 837 1644 eonovrrsonnum
864 1576 1017 1644 onemo
1040 1576 1095 1643 no
1118 1576 1314 1645 eorumve.

729 1814 977 1899 sunnine.

402 2006 429 2071 Ι.
451 2007 498 2071 Do
519 2007 586 2071 uita
608 2006 733 2073 abbatis
756 2007 929 2075 Danihelis.
1431 2032 1442 2072 e

385 2110 428 2174 II.
451 2109 616 2193 Inquisitio
638 2111 721 2175 unde
742 2110 860 2175 orietur
879 2110 1041 2191 repentina
1057 2112 1248 2177 conmutatio
1263 2114 1411 2179 mentium

453 2212 491 2277 ub
504 2212 652 2277 ineffabili
664 2213 787 2278 laetitio
798 2213 831 2275 in
839 2212 1082 2279 moestissimam
1093 2215 1191 2279 animi
1200 2215 1410 2280 deiectionem.

365 2314 426 2381 111.
449 2317 618 2399 Responsio
641 2336 732 2399 snper
753 2317 911 2399 proposita
932 2318 1122 2399 quaestione.

351 2419 427 2485 IIII.
451 2418 540 2498 Quod
554 2419 791 2503 disponsationis
808 2420 1048 2501 reprobationis
1065 2420 1114 2485 dei
1130 2420 1242 2503 duplex
1257 2439 1349 2486 eausa
1361 2420 1409 2487 sit.

389 2522 428 2587 V.
452 2521 541 2601 Quod
563 2524 702 2588 studium
725 2527 756 2586 et
780 2522 932 2587 industrie
950 2525 1058 2587 nostra
1079 2524 1160 2588 nihii
1177 2525 1245 2588 sine
1260 2524 1410 2589 adiutorio
1420 2546 1442 2585 e

451 2626 498 2690 dei
519 2626 708 2707 praeualeut.

370 2725 427 2792 VI.
450 2728 538 2808 Quod
567 2728 644 2792 utile
670 2727 758 2793 nobis
789 2728 831 2793 sit
856 2728 1016 2794 interdum
1039 2748 1058 2793 a
1081 2728 1206 2794 domino
1229 2728 1410 2812 derelinqui.
1518 2766 1519 2821 i

357 2828 427 2893 VII.
451 2831 498 2894 De
531 2831 668 2896 utilitate
701 2833 767 2897 eius
801 2850 923 2913 pugnae
953 2849 1047 2914 quam
1076 2832 1234 2914 apostolus
1262 2832 1351 2915 ponit
1378 2832 1411 2896 in

453 2934 683 2999 eonluotatione
705 2936 808 2999 earnis
831 2937 862 2999 et
884 2934 1023 3016 spiritus.

341 3034 429 3100 VIII.
453 3035 671 3120 Interrogatio,
700 3039 776 3120 quid
803 3040 844 3102 sit
872 3038 954 3120 qnod
976 3040 1008 3102 in
1032 3038 1168 3120 eopitulo
1190 3038 1321 3119 apostoli
1343 3041 1441 3122 poetn
1518 3042 1519 3127 i

450 3138 651 3205 aduersantes
684 3140 746 3205 eibi
784 3140 1050 3223 eonoupisoenties
1083 3140 1185 3205 cornis
1220 3145 1252 3205 ot
1284 3140 1410 3224 spiritus

450 3242 544 3307 tertie
566 3242 720 3307 adiciatur
747 3244 901 3308 uoluntas.
1518 3242 1519 3251 ’

320 3342 425 3409 VIIII.
449 3344 617 3427 Responsio
640 3347 677 3410 de
699 3345 864 3411 intellectu
886 3346 970 3412 reete
994 3346 1225 3430 interrogantis.

385 3446 425 3510 X.
448 3447 536 3527 Quod
563 3449 756 3514 uocabulum
793 3450 892 3514 cornis
924 3468 986 3514 non
1020 3450 1053 3513 in
1086 3468 1149 3515 une
1185 3448 1410 3534 significatione
1518 3436 1519 3529 J

448 3550 591 3631 ponetur.
1419 3575 1440 3616 o
1518 3552 1519 3629 ᾗ

369 3652 425 3717 XI.
450 3652 532 3732 Quid
553 3654 587 3717 in
610 3654 667 3719 hoe
687 3654 755 3720 loeo
780 3673 850 3720 earo
873 3655 911 3720 ab
934 3655 1072 3738 apostolo
1095 3654 1274 3720 nominetur
1289 3654 1408 3738 etquid
1518 3642 1519 3719 ζ

447 3754 489 3819 eit
511 3757 759 3837 ooneupisoentie
781 3758 892 3821 comis.

335 3991 352 4043 5
370 3990 485 4044 danielis
505 3990 528 4047 0
619 3991 659 4045 De
677 3992 784 4047 obbatis
802 3993 916 4048 danielis
934 3995 1135 4049 conuersatione
1153 3993 1184 4049 X
1278 3995 1295 4048 6
1312 3994 1410 4047 orietur
1518 4046 1519 4071 ;

284 4076 310 4143 (o
323 4080 406 4141 ereo.)
424 4076 455 4130 1>
531 4076 664 4131 mentium
683 4093 734 4132 om.
750 4078 782 4133 X
862 4080 893 4132 11
908 4085 973 4147 pest
991 4079 1033 4133 dei
1051 4094 1105 4134 roo.
1119 4082 1189 4133 3-r
1200 4080 1252 4135 litt.
1264 4080 1296 4134 in
1312 4079 1343 4135 D
1518 4110 1519 4161 o

286 4162 319 4216 16
336 4162 459 4231 spiritus]
477 4162 745 4219 cumhoouooabolo
756 4164 856 4220 codicis
873 4164 904 4218 X
922 4165 1408 4231 capitulatioaoeooeeoetatioeem
1518 4200 1519 4255 o

284 4248 400 4318 otonem
418 4249 519 4305 desierit
619 4252 652 4306 18
668 4254 740 4307 reete
760 4252 783 4307 0
878 4252 910 4307 21
930 4252 1000 4321 qnod
1018 4254 1046 4307 in
1066 4253 1088 4310 0
1190 4254 1224 4308 22
1242 4253 1329 4308 earnis
1346 4252 1408 4309 Dc:
1518 4284 1519 4329 i

282 4336 394 4405 spiritus
421 4336 464 4392 Or
