3092 4967
304 400 372 468 490
702 399 866 454 Iohannis
889 398 1045 456 Cassiani

308 588 446 654 uiuum
479 589 519 653 in
552 588 646 655 duas
677 592 828 671 partes,
863 593 900 656 et
933 593 1022 656 dato
1052 589 1258 656 dimidiam
1288 593 1436 672 partam

306 693 390 769 uni,
435 691 474 756 st
516 690 724 758 dimidiam
771 693 927 774 partem
969 691 1103 758 alteri.
1157 711 1235 775 quae
1279 693 1436 758 simulatio

305 795 506 862 crudelitatis
539 814 611 862 eum
646 813 739 864 norae
777 795 888 861 matris
926 793 1048 862 uiscera
1081 795 1297 881 permunisset,
1333 795 1373 861 ab
1403 814 1436 860 ea

308 900 413 964 autem
444 917 522 980 qnae
544 900 646 964 mater
670 915 732 963 non
755 900 823 964 erat
845 900 1033 974 laudaretur,
1058 900 1133 962 tuuc
1155 898 1281 964 demum
1303 897 1436 981 sagacis·

306 1000 387 1066 simo
425 999 569 1067 ueritatis
602 1001 719 1068 indicio
752 1001 843 1066 illam
874 1002 1064 1068 seutentiam
1099 1001 1313 1085 promulgarit
1347 1019 1465 1083 quamn

305 1122 398 1171 nomo
427 1123 446 1170 a
475 1104 532 1172 deo
563 1106 750 1188 inspiratam
785 1123 851 1170 esse
884 1121 944 1170 non
980 1106 1114 1172 credidit
1144 1105 1251 1184 dats,
1284 1105 1435 1189 inquiens,

306 1207 401 1273 huic
429 1208 628 1274 infantem
658 1210 810 1292 uiuum,
841 1211 880 1274 et
908 1229 984 1276 non
1014 1210 1236 1276 occidatur:
1260 1209 1359 1276 haec
1381 1209 1436 1274 est

274 1312 429 1387 5mater
463 1311 556 1378 sius.
595 1312 723 1396 proinde
756 1329 814 1378 nso
847 1312 958 1381 dobere
991 1330 1048 1378 nee
1080 1331 1171 1394 posse
1204 1329 1258 1378 uos
1292 1312 1437 1378 uniuersa

307 1414 452 1496 conplere
466 1434 545 1498 quae
560 1417 613 1482 uel
628 1435 699 1483 cnm
714 1417 819 1499 quiete
842 1417 939 1484 animi
955 1418 1008 1484 nel
1023 1417 1219 1484 conmotione
1234 1417 1435 1494 decernimus.

306 1518 401 1583 etism
426 1517 499 1584 aliis
514 1519 741 1602 scripturarum
756 1521 944 1588 testimoniis
961 1519 1115 1603 copiosius
1131 1522 1307 1598 edocemur,
1325 1518 1464 1602 quibosio

307 1621 357 1685 nol
387 1622 472 1687 uiros
493 1624 617 1690 sanctos
646 1624 698 1690 nel
719 1624 846 1708 angelos
870 1625 922 1690 uel
947 1625 1051 1707 ipsum
1074 1624 1320 1706 omnipotentem
1346 1624 1435 1690 deum

307 1741 345 1788 ea
366 1743 444 1806 quae
467 1725 650 1794 definierant
672 1726 853 1810 frequentor
867 1728 1002 1811 legimns
1018 1726 1200 1792 inmutasse.
1235 1745 1309 1791 nam
1326 1726 1434 1792 beatus

307 1826 411 1892 Dauid
444 1847 516 1894 enm
549 1829 629 1894 iuris
662 1830 787 1897 iurandi
816 1830 995 1897 definitione
1023 1830 1163 1896 decreuit
1189 1830 1311 1896 dicens:
1344 1829 1434 1895 haec

306 1929 432 1995 faciat
455 1931 548 1996 deus
570 1932 745 1998 inimicis
768 1933 914 2010 Dauid,
946 1932 1102 1999 ethaeo
1125 1932 1266 2010 addat,
1290 1934 1325 1998 si
1348 1931 1434 1996 reli·

307 2050 425 2114 quero
455 2032 499 2098 de
527 2035 712 2100 omnibus
741 2053 841 2118 quae
871 2037 1079 2118 pertinent
1100 2035 1146 2101 ad
1169 2034 1294 2100 Nabal
1316 2052 1460 2118 usquon

274 2141 435 2213 6mane‚
451 2137 694 2220 mingentem
711 2139 757 2205 ad
771 2138 976 2221 parietem.
1011 2140 1044 2203 et
1059 2139 1208 2204 continuo
1222 2137 1431 2204 intercedente

305 2237 436 2321 Abigail
465 2258 558 2306 uxore
581 2241 648 2306 eius
670 2260 707 2308 ac
728 2259 783 2325 pro
806 2242 915 2316 eodem
941 2241 1139 2324 supplicante
1162 2241 1298 2308 remittit
1322 2241 1429 2320 minas,

304 2341 413 2408 mollit
445 2344 630 2409 sentmtiam
664 2345 696 2409 et
728 2347 850 2411 mauult
881 2348 1090 2430 transgressor
1120 2345 1272 2429 propositi
1302 2343 1430 2410 iudicari

305 2463 399 2527 qoam
415 2449 605 2513 sacramenti
619 2450 667 2514 sni
681 2447 773 2514 fidem
790 2468 860 2514 oum
882 2448 1077 2515 crudelitatis
1093 2448 1286 2516 exsecutione
1300 2465 1429 2524 seruare,

305 2548 426 2614 dicens:
457 2551 567 2615 uiuit
595 2549 795 2616 dominus:
827 2551 910 2617 uisi
942 2552 1019 2618 cito
1043 2552 1220 2617 uenissas
1243 2551 1280 2615 iu
1303 2569 1459 2619 occur-n

305 2670 390 2716 sum
412 2651 526 2728 mihi.
550 2672 625 2718 non
646 2655 916 2720 remansisset
947 2653 1074 2720 Nabal
1097 2673 1218 2736 usque
1242 2653 1287 2718 ad
1309 2653 1430 2719 lucem

304 2756 556 2836 matutinam,
587 2756 764 2840 mingens
795 2757 841 2823 ad
870 2757 1074 2840 parietem.
1113 2756 1201 2838 ouius
1232 2757 1314 2822 sicut
1343 2756 1429 2822 illam

305 2858 485 2941 praecipitis
507 2859 695 2926 sacramenti
717 2859 903 2926 facilitatem
933 2879 1011 2944 qnae
1035 2860 1073 2924 de
1099 2861 1299 2942 perturbatae
1320 2859 1429 2924 montis

304 2961 502 3029 conmotione
523 2963 721 3030 descenderat
744 2981 941 3047 nequaquam
963 2964 1148 3030 imitandam
1172 2980 1239 3029 esse
1262 2979 1428 3044 censemus,

305 3063 353 3130 ita
383 3065 600 3132 remissionem
629 3070 725 3150 atque
754 3066 1004 3133 emendationem
1027 3068 1139 3132 statuti
1162 3065 1343 3132 sectandam
1365 3083 1457 3131 ossea
1517 3065 1518 3093 ³

273 3167 510 3238 'ldeoeruimns
549 3169 711 3236 electionis
742 3188 798 3234 uas
827 3168 997 3236 Corinthiis
1020 3168 1160 3234 scribens
1182 3167 1318 3235 reditum
1341 3187 1428 3234 suum

304 3271 447 3337 absoluta
480 3272 659 3337 definitione
693 3272 854 3354 promitt't
888 3272 1006 3338 dicens:
1042 3273 1197 3338 ueniam
1231 3273 1359 3336 autem
1385 3269 1427 3334 ad

303 3391 372 3439 uos
406 3393 490 3440 corn
527 3374 805 3441 Macedoniam
843 3377 1126 3458 pertransiero:
1163 3374 1426 3441 Macedoniam

320 3602 550 3742 ossrl'ffl
655 3601 917 3672 normanum
1020 3601 1185 3658 ponaer
1289 3602 1426 3658 orreo.

304 3689 411 3754 1,o-

353 3903 597 3973 daagacissimnm
620 3905 658 3958 Πι
761 3906 779 3960 6
803 3921 881 3960 nemo
905 3904 959 3960 uisi
982 3921 998 3959 a
1020 3907 1074 3960 ΤΟ
1103 3921 1158 3960 non
1176 3921 1229 3962 om.
1249 3909 1285 3960 Pr
1313 3919 1377 3962 arua
1394 3903 1425 3957 ira

301 3989 328 4042 0
430 3990 519 4045 ‘lbec
535 3991 608 4044 enirn
626 3993 668 4046 est
689 3994 715 4044 'l'
815 3992 833 4046 8
855 3991 912 4046 eins
931 4005 995 4045 uara
1015 3990 1040 4044 0
1145 3993 1175 4046 ll
1194 3991 1239 4046 nol
1256 3991 1361 4060 angelos
1377 4004 1424 4045 oua

302 4079 327 4130 Y
411 4077 444 4133 12
462 4077 622 4133 definierant
638 4079 771 4134 utilitatis
789 4095 869 4134 causa
887 4078 1037 4134 inmutasse
1055 4080 1210 4147 reperimus.
1228 4077 1361 4134 beaturi*

301 4166 462 4218 immutasse
478 4165 542 4216 ΣΠ
639 4166 671 4220 19
688 4165 854 4220 crudilitatie
872 4166 911 4218 Πι
1008 4163 1153 4220 saecuto
1250 4165 1285 4220 23
1301 4162 1423 4220 aeneos

301 4249 330 4300 ll
419 4249 453 4306 25
471 4250 557 4320 adque
574 4250 600 4304 Ο
693 4250 727 4306 26
746 4249 909 4306 chorinthiis
926 4253 955 4304 Σ
1050 4251 1083 4306 27
1102 4253 1194 4306 autern
1212 4251 1269 4306 cito
1286 4249 1359 4306 adO

300 4336 336 4390 28
357 4335 559 4391 machedoniam
581 4337 610 4388 Σ
627 4338 756 4406 (pamm
786 4337 970 4394 macedoniam
988 4338 1059 4393 onim
1078 4337 1248 4408 pertransibo
1267 4353 1315 4395 oar.
1337 4337 1361 4388 Y
