3092 4967
279 434 342 503 184
668 430 833 487 Iohannis
855 429 1013 489 Cassiani

274 623 359 688 enim
380 621 418 687 ut
441 620 578 687 inueniri
600 620 701 703 possit
722 621 848 687 nostrae
870 620 1055 704 prudentiae
1076 620 1309 703 industriaeque
1332 619 1404 685 sub-

274 724 393 791 iectum
414 728 472 808 eet,
494 725 522 789 si
544 739 604 790 non
625 722 722 790 merit
736 724 910 803 inuentum,
931 724 1001 790 sine
1016 722 1111 791 dnbio
1127 726 1253 789 nostrae
1268 722 1403 788 desidiae

275 827 328 893 uel
349 824 578 909 inprudentiae,
593 843 654 891 non
669 828 801 891 naturae
822 825 902 892 uitio
917 826 1125 911 reputandum
1141 826 1199 891 est.
1235 826 1287 889 cui
1302 826 1404 891 sensui

274 928 443 996 Psalmista
479 946 600 1012 quoque
637 928 782 1012 congruit
819 928 942 995 diaeum
981 928 1119 995 beatus
1152 928 1214 994 uir
1248 926 1311 994 cui
1346 930 1404 993 est

274 1030 467 1099 auxilium
495 1030 577 1097 eius
604 1029 672 1097 abs
699 1032 754 1108 te,
787 1030 962 1097 domino:
996 1047 1188 1097 ascensus
1219 1030 1262 1095 in
1291 1029 1435 1101 cordes

275 1150 346 1200 suo
368 1133 579 1216 disposuit.
618 1130 733 1200 uidetis
755 1150 830 1217 ergo
852 1134 884 1200 in
908 1134 1016 1200 nostra
1038 1132 1160 1199 dicione
1174 1130 1355 1211 comistere,
1371 1138 1406 1199 ut

276 1237 519 1316 cirenceastre,
548 1235 652 1301 idest
673 1235 888 1320 pertingentes
917 1238 1071 1303 addeum
1098 1234 1315 1319 cogitationes,
1339 1237 1406 1302 sine

277 1342 451 1420 descensus,
474 1339 513 1404 ad
535 1340 658 1405 terrena
679 1338 798 1407 edlicet
813 1342 844 1405 et
860 1338 996 1407 carnalia
1018 1341 1210 1419 contuentes,
1233 1340 1266 1406 in
1288 1340 1405 1408 nostris

242 1444 419 1511 emruibm
448 1444 658 1526 disponamus.
695 1461 774 1526 qnae
803 1442 831 1509 si
858 1462 921 1509 non
949 1443 981 1510 in
1011 1447 1116 1510 nostra
1147 1446 1304 1526 potestate
1334 1462 1407 1509 con·

276 1546 432 1627 obteram,
448 1565 505 1612 nec
519 1545 703 1611 Pharisaeos
718 1544 860 1613 dominus
875 1546 1078 1630 increpasset:
1095 1548 1188 1631 quid
1211 1547 1437 1631 cogitatione

277 1649 380 1715 mala
399 1651 439 1714 in
462 1647 651 1716 cordibus
672 1649 843 1717 uestris?
857 1668 914 1716 nec
927 1667 984 1735 per
998 1652 1182 1735 prophetam
1197 1650 1408 1735 praecepisset

276 1753 397 1819 diaeum
425 1751 579 1819 auferte
606 1753 754 1818 malum
782 1753 1080 1838 cogitationum
1113 1756 1339 1821 uestrarum
1362 1752 1406 1819 ab

276 1854 406 1921 oculis
437 1853 547 1934 meis,
576 1854 622 1918 etr
652 1872 775 1938 usque
803 1872 876 1939 quo
900 1857 1161 1923 morabuntur
1183 1858 1282 1924 inte
1304 1857 1409 1942 cogi·

278 1957 454 2023 tationes
498 1956 660 2024 noxiae?
703 1976 761 2024 nec
798 1957 833 2023 in
870 1959 920 2024 die
964 1958 1073 2025 iudicii
1117 1978 1226 2025 earum
1269 1960 1409 2044 qualitas
1530 2038 1531 2047 ἵ

279 2060 542 2145 quemadmodum
579 2077 706 2144 operum
739 2060 915 2145 exigeretur
936 2082 956 2129 a
977 2061 1077 2147 nobis,
1112 2063 1159 2128 ita
1190 2081 1246 2146 per
1279 2062 1440 2130 lisaisms

278 2165 401 2231 domino
424 2164 636 2231 terminante:
651 2180 756 2245 ecce,
771 2165 884 2248 inquit,
900 2184 968 2251 ege
985 2168 1101 2232 uenio
1119 2170 1159 2231 ut
1172 2182 1410 2251 congregem

277 2284 395 2351 opera
415 2268 456 2333 et
477 2266 752 2351 cogitationes
775 2286 906 2335 eorum
930 2268 1206 2335 cumomnibue
1221 2270 1411 2354 gentibus

277 2372 315 2436 et
345 2372 514 2457 linguis,
546 2375 599 2438 sed
628 2390 668 2437 ne
695 2371 895 2439 condemnari
928 2372 1053 2457 quidem
1084 2391 1191 2439 earum
1224 2370 1409 2439 testimonio
1531 2392 1532 2457 i

277 2473 329 2540 nel
351 2473 475 2541 defendi
496 2477 530 2541 in
551 2474 606 2540 illo
628 2473 764 2539 terribili
787 2476 879 2559 atque
895 2477 1061 2542 metuendo
1076 2475 1218 2541 examine
1233 2475 1410 2541 seeundum

277 2576 362 2643 beati
393 2580 525 2669 apostoli
555 2577 746 2643 sententiam
776 2596 965 2643 moreremur
993 2578 1041 2643 ita
1066 2577 1215 2643 dicentis:
1238 2579 1277 2643 et
1298 2576 1444 2645 intereo

277 2698 316 2745 se
337 2679 515 2746 inuicem
536 2680 861 2763 cogitationibus
886 2682 1172 2747 accusantibus
1198 2680 1412 2745 autetiam
1532 2708 1533 2747 r

277 2780 604 2866 defendentibus,
636 2781 674 2847 in
704 2780 766 2847 die
797 2800 869 2865 qua
896 2782 1097 2849 iudicabit
1125 2785 1219 2849 deuo
1249 2782 1413 2850 occulta

277 2886 473 2951 bominum
494 2887 709 2951 secundum
730 2885 985 2969 euangelium
1008 2905 1144 2953 meum.

320 3004 359 3081 V.
382 3006 484 3073 Huius
506 3025 581 3091 ergo
594 3007 752 3089 perfectae
766 3006 883 3073 mentis
898 3006 999 3091 figura
1012 3026 1066 3091 per
1081 3006 1174 3073 iilum
1188 3005 1413 3091 euangelicum

278 3108 491 3177 centurionem
520 3110 730 3193 pulcherrime
760 3110 954 3195 designatur,
982 3110 1070 3177 cuius
1092 3111 1195 3177 uirtus
1217 3113 1312 3192 atque
1337 3126 1449 3179 con-s

278 3215 404 3293 stantia,
449 3232 512 3298 qua
554 3231 617 3279 non
660 3213 852 3297 quibuslibet
901 3212 1118 3297 ingruentibus
1166 3212 1413 3297 cogitationibus

380 3452 652 3522 spensam)
726 3452 759 3507 10
776 3452 827 3507 Mt.
838 3452 895 3517 9‚4
964 3452 997 3506 la
1014 3450 1085 3505 Enni.
1098 3452 1123 3517 1,
1136 3452 1170 3507 lo
1239 3448 1417 3505 13Hiararn.

278 3539 357 3607 4‚14
458 3538 696 3605 letaniaque
798 3538 1088 3603 nommant-16

331 3762 395 3816 lut
412 3776 463 3817 ono.
485 3760 512 3815 V
575 3760 695 3815 inuenire
711 3759 796 3816 D¹W
861 3760 939 3815 deni
960 3758 1078 3814 VD²W2
1102 3759 1178 3813 cuius
1194 3758 1341 3815 D¹OPXc

278 3846 376 3902 teins
394 3862 445 3902 ora
464 3845 571 3901 DPXo
673 3845 817 3901 edicione
839 3844 909 3902 WOr
940 3843 1045 3899 ditione
1063 3844 1122 3900 reli.
1223 3842 1415 3901 ddiscensus

278 3932 420 3991 D¹WPX
520 3932 556 3986 10
578 3932 690 3988 fennena
716 3932 772 3989 DO
807 3932 946 4001 phariseo·
975 3929 1069 3987 WPX
1173 3929 1205 3984 11
1233 3930 1418 3998 praecipiebat

279 4019 320 4073 D¹
424 4018 458 4074 13
479 4032 589 4087 usqueq3
611 4016 651 4073 D¹
754 4017 904 4087 cogitionee
931 4018 969 4073 W
1072 4014 1105 4071 15
1128 4015 1156 4067 et
1179 4014 1343 4083 operan

280 4104 375 4160 isaiam
388 4104 428 4161 W
455 4103 577 4175 capso
671 4104 704 4159 16
722 4103 820 4175 inquid
836 4102 983 4160 VDWOP
1077 4100 1109 4156 l‘i
1127 4098 1301 4171 cogitationis
1318 4100 1346 4157 V

281 4193 314 4247 18
335 4206 383 4245 nec
404 4189 436 4245 X
537 4190 725 4260 condempnari
752 4190 792 4245 W
889 4189 923 4244 19
949 4188 1034 4259 adque
1062 4188 1114 4243 VP
1216 4186 1251 4242 20
1278 4202 1420 4246 meremur

279 4278 386 4335 D¹OX¹
471 4276 505 4332 21
521 4279 571 4333 aut
588 4278 670 4333 etiam
688 4275 891 4333 defendentibus
908 4291 959 4331 om.
977 4275 1015 4331 W
1098 4274 1133 4329 22
1150 4272 1284 4329 indecabit
1306 4272 1342 4327 V¹

278 4364 314 4419 26
330 4362 529 4435 pulcerrimeO
630 4362 715 4433 adque
736 4362 828 4419 VWP
