<?xml version="1.0" encoding="UTF-8"?>
<!DOCTYPE html PUBLIC "-//W3C//DTD XHTML 1.0 Transitional//EN"
    "http://www.w3.org/TR/xhtml1/DTD/xhtml1-transitional.dtd">
<html xmlns="http://www.w3.org/1999/xhtml" xml:lang="en" lang="en">
 <head>
  <title>
</title>
<meta http-equiv="Content-Type" content="text/html;charset=utf-8" />
  <meta name='ocr-system' content='tesseract 3.04.00' />
  <meta name='ocr-capabilities' content='ocr_page ocr_carea ocr_par ocr_line ocrx_word'/>
</head>
<body>
  <div class='ocr_page' id='page_1' title='image "./iohanniscassian00petsgoog_0184.png"; bbox 0 0 3092 4967; ppageno 0'>
   <div class='ocr_carea' id='block_1_1' title="bbox 306 420 1039 491">
    <p class='ocr_par' dir='ltr' id='par_1_1' title="bbox 306 420 1039 491">
     <span class='ocr_line' id='line_1_1' title="bbox 306 420 1039 491; baseline -0.014 -5"><span class='ocrx_word' id='word_1_1' title='bbox 306 426 368 491; x_wconf 82' lang='grc'><strong>174</strong></span> <span class='ocrx_word' id='word_1_2' title='bbox 697 420 864 478; x_wconf 74' lang='lat' dir='ltr'><strong>Iohannis</strong></span> <span class='ocrx_word' id='word_1_3' title='bbox 882 422 1039 480; x_wconf 84' lang='lat' dir='ltr'><strong>Cassiani</strong></span> 
     </span>
    </p>
   </div>
   <div class='ocr_carea' id='block_1_2' title="bbox 272 612 1523 2045">
    <p class='ocr_par' dir='ltr' id='par_1_2' title="bbox 272 612 1523 2045">
     <span class='ocr_line' id='line_1_2' title="bbox 302 612 1424 696; baseline -0.006 -14"><span class='ocrx_word' id='word_1_4' title='bbox 302 613 414 694; x_wconf 87' lang='lat' dir='ltr'><strong>bilis,</strong></span> <span class='ocrx_word' id='word_1_5' title='bbox 444 618 483 680; x_wconf 88' lang='lat' dir='ltr'><strong>et</strong></span> <span class='ocrx_word' id='word_1_6' title='bbox 511 612 614 679; x_wconf 86' lang='lat' dir='ltr'><strong>caeli</strong></span> <span class='ocrx_word' id='word_1_7' title='bbox 640 632 715 679; x_wconf 90' lang='lat' dir='ltr'><strong>non</strong></span> <span class='ocrx_word' id='word_1_8' title='bbox 743 613 837 677; x_wconf 91' lang='lat' dir='ltr'><strong>sunt</strong></span> <span class='ocrx_word' id='word_1_9' title='bbox 864 612 997 677; x_wconf 91' lang='lat' dir='ltr'><strong>mundi</strong></span> <span class='ocrx_word' id='word_1_10' title='bbox 1026 612 1064 679; x_wconf 93' lang='lat' dir='ltr'><strong>in</strong></span> <span class='ocrx_word' id='word_1_11' title='bbox 1092 612 1306 696; x_wconf 85' lang='lat' dir='ltr'><strong>conspectu</strong></span> <span class='ocrx_word' id='word_1_12' title='bbox 1335 613 1424 677; x_wconf 85' lang='lat' dir='ltr'><strong>eine.</strong></span> 
     </span>
     <span class='ocr_line' id='line_1_3' title="bbox 272 714 1425 799; baseline -0.003 -14"><span class='ocrx_word' id='word_1_13' title='bbox 272 718 404 785; x_wconf 84' lang='lat' dir='ltr'><strong>itsolum</strong></span> <span class='ocrx_word' id='word_1_14' title='bbox 432 734 566 799; x_wconf 77' lang='lat' dir='ltr'><strong>nemone</strong></span> <span class='ocrx_word' id='word_1_15' title='bbox 593 717 687 783; x_wconf 88' lang='lat' dir='ltr'><strong>deum</strong></span> <span class='ocrx_word' id='word_1_16' title='bbox 714 714 935 782; x_wconf 69' lang='lat' dir='ltr'><strong>inmutabilem</strong></span> <span class='ocrx_word' id='word_1_17' title='bbox 960 714 1153 798; x_wconf 77' lang='grc' dir='ltr'>ιιιιιιιιιιι,</span> <span class='ocrx_word' id='word_1_18' title='bbox 1175 730 1268 799; x_wconf 87' lang='lat' dir='ltr'><strong>quem</strong></span> <span class='ocrx_word' id='word_1_19' title='bbox 1290 715 1425 781; x_wconf 88' lang='lat' dir='ltr'><strong>tantum-</strong></span> 
     </span>
     <span class='ocr_line' id='line_1_4' title="bbox 303 818 1425 904; baseline -0.005 -16"><span class='ocrx_word' id='word_1_20' title='bbox 303 820 395 889; x_wconf 88' lang='lat' dir='ltr'><strong>modo</strong></span> <span class='ocrx_word' id='word_1_21' title='bbox 417 820 521 887; x_wconf 87' lang='lat' dir='ltr'><strong>sancti</strong></span> <span class='ocrx_word' id='word_1_22' title='bbox 541 819 628 885; x_wconf 89' lang='lat' dir='ltr'><strong>illius</strong></span> <span class='ocrx_word' id='word_1_23' title='bbox 649 818 821 903; x_wconf 83' lang='lat' dir='ltr'><strong>prophetae</strong></span> <span class='ocrx_word' id='word_1_24' title='bbox 845 820 893 885; x_wconf 85' lang='lat' dir='ltr'><strong>ita</strong></span> <span class='ocrx_word' id='word_1_25' title='bbox 914 819 1068 904; x_wconf 88' lang='lat' dir='ltr'><strong>conpellat</strong></span> <span class='ocrx_word' id='word_1_26' title='bbox 1090 818 1207 885; x_wconf 74' lang='lat' dir='ltr'><strong>ontio:</strong></span> <span class='ocrx_word' id='word_1_27' title='bbox 1230 822 1272 885; x_wconf 87' lang='lat' dir='ltr'><strong>tu</strong></span> <span class='ocrx_word' id='word_1_28' title='bbox 1300 820 1425 885; x_wconf 89' lang='lat' dir='ltr'><strong>autem</strong></span> 
     </span>
     <span class='ocr_line' id='line_1_5' title="bbox 302 920 1427 1006; baseline -0.004 -16"><span class='ocrx_word' id='word_1_29' title='bbox 302 924 408 990; x_wconf 90' lang='lat' dir='ltr'><strong>idem</strong></span> <span class='ocrx_word' id='word_1_30' title='bbox 433 922 517 1005; x_wconf 94' lang='lat' dir='ltr'><strong>ipse</strong></span> <span class='ocrx_word' id='word_1_31' title='bbox 545 941 598 1001; x_wconf 87' lang='lat' dir='ltr'><strong>es,</strong></span> <span class='ocrx_word' id='word_1_32' title='bbox 627 924 660 987; x_wconf 91' lang='lat' dir='ltr'><strong>et</strong></span> <span class='ocrx_word' id='word_1_33' title='bbox 681 922 749 1005; x_wconf 88' lang='lat' dir='ltr'><strong>ipse</strong></span> <span class='ocrx_word' id='word_1_34' title='bbox 771 921 810 987; x_wconf 93' lang='lat' dir='ltr'><strong>de</strong></span> <span class='ocrx_word' id='word_1_35' title='bbox 833 940 882 987; x_wconf 89' lang='lat' dir='ltr'><strong>se:</strong></span> <span class='ocrx_word' id='word_1_36' title='bbox 905 939 974 1005; x_wconf 82' lang='lat' dir='ltr'><strong>ego</strong></span> <span class='ocrx_word' id='word_1_37' title='bbox 996 940 1096 1006; x_wconf 90' lang='lat' dir='ltr'><strong>sum,</strong></span> <span class='ocrx_word' id='word_1_38' title='bbox 1124 920 1236 1003; x_wconf 87' lang='lat' dir='ltr'><strong>inquit,</strong></span> <span class='ocrx_word' id='word_1_39' title='bbox 1261 924 1374 1000; x_wconf 84' lang='lat' dir='ltr'><strong>deus,</strong></span> <span class='ocrx_word' id='word_1_40' title='bbox 1394 923 1427 985; x_wconf 91' lang='lat' dir='ltr'><strong>et</strong></span> 
     </span>
     <span class='ocr_line' id='line_1_6' title="bbox 302 1023 1452 1109; baseline -0.005 -14"><span class='ocrx_word' id='word_1_41' title='bbox 302 1046 378 1095; x_wconf 94' lang='lat' dir='ltr'><strong>non</strong></span> <span class='ocrx_word' id='word_1_42' title='bbox 405 1027 552 1102; x_wconf 87' lang='lat' dir='ltr'><strong>mutor,</strong></span> <span class='ocrx_word' id='word_1_43' title='bbox 581 1025 663 1109; x_wconf 78' lang='lat' dir='ltr'><strong>quod</strong></span> <span class='ocrx_word' id='word_1_44' title='bbox 685 1024 811 1091; x_wconf 89' lang='lat' dir='ltr'><strong>scilieet</strong></span> <span class='ocrx_word' id='word_1_45' title='bbox 838 1026 904 1107; x_wconf 89' lang='lat' dir='ltr'><strong>ipse</strong></span> <span class='ocrx_word' id='word_1_46' title='bbox 926 1025 969 1090; x_wconf 91' lang='lat' dir='ltr'><strong>eit</strong></span> <span class='ocrx_word' id='word_1_47' title='bbox 991 1024 1076 1089; x_wconf 89' lang='lat' dir='ltr'><strong>solus</strong></span> <span class='ocrx_word' id='word_1_48' title='bbox 1102 1023 1289 1092; x_wconf 83' lang='lat' dir='ltr'><strong>naturaiiter</strong></span> <span class='ocrx_word' id='word_1_49' title='bbox 1311 1044 1452 1109; x_wconf 76' lang='lat' dir='ltr'><strong>sompere</strong></span> 
     </span>
     <span class='ocr_line' id='line_1_7' title="bbox 304 1128 1429 1215; baseline -0.004 -17"><span class='ocrx_word' id='word_1_50' title='bbox 304 1132 411 1212; x_wconf 85' lang='lat' dir='ltr'><strong>bonus,</strong></span> <span class='ocrx_word' id='word_1_51' title='bbox 435 1148 558 1215; x_wconf 85' lang='lat' dir='ltr'><strong>semper</strong></span> <span class='ocrx_word' id='word_1_52' title='bbox 579 1128 692 1212; x_wconf 89' lang='lat' dir='ltr'><strong>plenus</strong></span> <span class='ocrx_word' id='word_1_53' title='bbox 714 1146 898 1212; x_wconf 72' lang='lat' dir='ltr'>semperque</span> <span class='ocrx_word' id='word_1_54' title='bbox 920 1128 1085 1213; x_wconf 78' lang='lat' dir='ltr'><strong>perfectus,</strong></span> <span class='ocrx_word' id='word_1_55' title='bbox 1111 1130 1161 1195; x_wconf 90' lang='lat' dir='ltr'><strong>cui</strong></span> <span class='ocrx_word' id='word_1_56' title='bbox 1184 1128 1263 1195; x_wconf 83' lang='lat' dir='ltr'><strong>nihil</strong></span> <span class='ocrx_word' id='word_1_57' title='bbox 1279 1150 1337 1196; x_wconf 94' lang='lat' dir='ltr'><strong>nec</strong></span> <span class='ocrx_word' id='word_1_58' title='bbox 1351 1130 1429 1196; x_wconf 80' lang='lat' dir='ltr'><strong>edici</strong></span> 
     </span>
     <span class='ocr_line' id='line_1_8' title="bbox 303 1232 1428 1320; baseline -0.002 -19"><span class='ocrx_word' id='word_1_59' title='bbox 303 1236 402 1320; x_wconf 87' lang='lat' dir='ltr'><strong>possit</strong></span> <span class='ocrx_word' id='word_1_60' title='bbox 434 1232 604 1318; x_wconf 86' lang='lat' dir='ltr'><strong>aliquando</strong></span> <span class='ocrx_word' id='word_1_61' title='bbox 638 1252 694 1299; x_wconf 92' lang='lat' dir='ltr'><strong>nec</strong></span> <span class='ocrx_word' id='word_1_62' title='bbox 726 1232 837 1298; x_wconf 86' lang='lat' dir='ltr'><strong>minui.</strong></span> <span class='ocrx_word' id='word_1_63' title='bbox 874 1233 1004 1316; x_wconf 86' lang='lat' dir='ltr'><strong>ideoque</strong></span> <span class='ocrx_word' id='word_1_64' title='bbox 1034 1232 1182 1299; x_wconf 88' lang='lat' dir='ltr'><strong>debemus</strong></span> <span class='ocrx_word' id='word_1_65' title='bbox 1211 1232 1251 1299; x_wconf 85' lang='lat' dir='ltr'><strong>ed</strong></span> <span class='ocrx_word' id='word_1_66' title='bbox 1279 1234 1428 1299; x_wconf 86' lang='lat' dir='ltr'><strong>uirtutum</strong></span> 
     </span>
     <span class='ocr_line' id='line_1_9' title="bbox 302 1336 1430 1421; baseline -0.002 -16"><span class='ocrx_word' id='word_1_67' title='bbox 302 1340 410 1405; x_wconf 87' lang='lat' dir='ltr'><strong>studia</strong></span> <span class='ocrx_word' id='word_1_68' title='bbox 446 1338 613 1405; x_wconf 90' lang='lat' dir='ltr'><strong>inremissa</strong></span> <span class='ocrx_word' id='word_1_69' title='bbox 646 1354 722 1403; x_wconf 89' lang='lat' dir='ltr'><strong>eura</strong></span> <span class='ocrx_word' id='word_1_70' title='bbox 753 1354 790 1403; x_wconf 87' lang='lat' dir='ltr'><strong>ao</strong></span> <span class='ocrx_word' id='word_1_71' title='bbox 817 1336 1029 1403; x_wconf 89' lang='lat' dir='ltr'><strong>sollicitudine</strong></span> <span class='ocrx_word' id='word_1_72' title='bbox 1056 1338 1288 1421; x_wconf 87' lang='lat' dir='ltr'><strong>nosmetipsos</strong></span> <span class='ocrx_word' id='word_1_73' title='bbox 1315 1354 1430 1421; x_wconf 85' lang='lat' dir='ltr'><strong>semper</strong></span> 
     </span>
     <span class='ocr_line' id='line_1_10' title="bbox 304 1440 1428 1526; baseline -0.004 -16"><span class='ocrx_word' id='word_1_74' title='bbox 304 1444 472 1510; x_wconf 71' lang='lat' dir='ltr'>extendere</span> <span class='ocrx_word' id='word_1_75' title='bbox 495 1443 634 1526; x_wconf 86' lang='lat' dir='ltr'><strong>ipsisque</strong></span> <span class='ocrx_word' id='word_1_76' title='bbox 655 1458 712 1507; x_wconf 91' lang='lat' dir='ltr'><strong>noe</strong></span> <span class='ocrx_word' id='word_1_77' title='bbox 734 1441 853 1524; x_wconf 82' lang='lat' dir='ltr'><strong>iugiter</strong></span> <span class='ocrx_word' id='word_1_78' title='bbox 875 1440 1031 1507; x_wconf 84' lang='lat' dir='ltr'><strong>exercitiis</strong></span> <span class='ocrx_word' id='word_1_79' title='bbox 1055 1458 1214 1525; x_wconf 87' lang='lat' dir='ltr'><strong>occupare,</strong></span> <span class='ocrx_word' id='word_1_80' title='bbox 1237 1460 1278 1505; x_wconf 94' lang='lat' dir='ltr'><strong>ne</strong></span> <span class='ocrx_word' id='word_1_81' title='bbox 1292 1441 1428 1507; x_wconf 86' lang='lat' dir='ltr'><strong>cessante</strong></span> 
     </span>
     <span class='ocr_line' id='line_1_11' title="bbox 303 1544 1456 1631; baseline -0.008 -18"><span class='ocrx_word' id='word_1_82' title='bbox 303 1548 446 1631; x_wconf 83' lang='lat' dir='ltr'><strong>proiectu</strong></span> <span class='ocrx_word' id='word_1_83' title='bbox 475 1546 640 1612; x_wconf 82' lang='lat' dir='ltr'><strong>confestim</strong></span> <span class='ocrx_word' id='word_1_84' title='bbox 667 1544 841 1611; x_wconf 74' lang='lat' dir='ltr'><strong>deminutio</strong></span> <span class='ocrx_word' id='word_1_85' title='bbox 869 1546 1084 1627; x_wconf 85' lang='lat' dir='ltr'><strong>subsequatur.</strong></span> <span class='ocrx_word' id='word_1_86' title='bbox 1123 1545 1162 1610; x_wconf 92' lang='lat' dir='ltr'><strong>ut</strong></span> <span class='ocrx_word' id='word_1_87' title='bbox 1182 1544 1267 1609; x_wconf 91' lang='lat' dir='ltr'><strong>enim</strong></span> <span class='ocrx_word' id='word_1_88' title='bbox 1289 1545 1456 1625; x_wconf 66' lang='lat' dir='ltr'><strong>diximusne</strong></span> 
     </span>
     <span class='ocr_line' id='line_1_12' title="bbox 303 1648 1429 1733; baseline -0.005 -16"><span class='ocrx_word' id='word_1_89' title='bbox 303 1652 336 1717; x_wconf 93' lang='lat' dir='ltr'><strong>in</strong></span> <span class='ocrx_word' id='word_1_90' title='bbox 360 1668 423 1716; x_wconf 90' lang='grc' dir='ltr'><strong>ιιι</strong></span> <span class='ocrx_word' id='word_1_91' title='bbox 445 1668 533 1715; x_wconf 89' lang='lat' dir='ltr'><strong>mens</strong></span> <span class='ocrx_word' id='word_1_92' title='bbox 555 1648 722 1733; x_wconf 89' lang='lat' dir='ltr'><strong>eodemque</strong></span> <span class='ocrx_word' id='word_1_93' title='bbox 743 1648 830 1713; x_wconf 88' lang='lat' dir='ltr'><strong>statu</strong></span> <span class='ocrx_word' id='word_1_94' title='bbox 851 1666 978 1713; x_wconf 91' lang='lat' dir='ltr'><strong>manere</strong></span> <span class='ocrx_word' id='word_1_95' title='bbox 1001 1666 1063 1713; x_wconf 93' lang='lat' dir='ltr'><strong>non</strong></span> <span class='ocrx_word' id='word_1_96' title='bbox 1084 1648 1257 1731; x_wconf 76' lang='lat' dir='ltr'><strong>praemiet,</strong></span> <span class='ocrx_word' id='word_1_97' title='bbox 1280 1649 1378 1715; x_wconf 90' lang='lat' dir='ltr'><strong>idest</strong></span> <span class='ocrx_word' id='word_1_98' title='bbox 1398 1651 1429 1711; x_wconf 90' lang='grc' dir='ltr'><strong>ιι</strong></span> 
     </span>
     <span class='ocr_line' id='line_1_13' title="bbox 305 1750 1523 1838; baseline 0.002 -18"><span class='ocrx_word' id='word_1_99' title='bbox 305 1774 361 1821; x_wconf 86' lang='grc' dir='ltr'><strong>ιιι</strong></span> <span class='ocrx_word' id='word_1_100' title='bbox 382 1754 551 1838; x_wconf 80' lang='lat' dir='ltr'><strong>augmenta</strong></span> <span class='ocrx_word' id='word_1_101' title='bbox 572 1752 730 1819; x_wconf 86' lang='lat' dir='ltr'><strong>uirtutum</strong></span> <span class='ocrx_word' id='word_1_102' title='bbox 752 1750 856 1835; x_wconf 87' lang='lat' dir='ltr'><strong>capiat</strong></span> <span class='ocrx_word' id='word_1_103' title='bbox 878 1768 935 1818; x_wconf 89' lang='lat' dir='ltr'><strong>nee</strong></span> <span class='ocrx_word' id='word_1_104' title='bbox 960 1752 1149 1819; x_wconf 85' lang='lat' dir='ltr'><strong>detrimenta</strong></span> <span class='ocrx_word' id='word_1_105' title='bbox 1171 1751 1336 1819; x_wconf 86' lang='lat' dir='ltr'><strong>sustineat.</strong></span> <span class='ocrx_word' id='word_1_106' title='bbox 1375 1768 1429 1816; x_wconf 93' lang='lat' dir='ltr'><strong>nen</strong></span> <span class='ocrx_word' id='word_1_107' title='bbox 1522 1819 1523 1822; x_wconf 74' lang='grc'>,</span> 
     </span>
     <span class='ocr_line' id='line_1_14' title="bbox 303 1853 1430 1941; baseline -0.003 -18"><span class='ocrx_word' id='word_1_108' title='bbox 303 1853 477 1941; x_wconf 74' lang='lat' dir='ltr'><strong>adquisisse</strong></span> <span class='ocrx_word' id='word_1_109' title='bbox 505 1859 587 1923; x_wconf 89' lang='lat' dir='ltr'><strong>enim</strong></span> <span class='ocrx_word' id='word_1_110' title='bbox 615 1857 681 1923; x_wconf 87' lang='lat' dir='ltr'><strong>eine</strong></span> <span class='ocrx_word' id='word_1_111' title='bbox 710 1856 861 1923; x_wconf 90' lang='lat' dir='ltr'><strong>minuisse</strong></span> <span class='ocrx_word' id='word_1_112' title='bbox 890 1858 949 1935; x_wconf 88' lang='lat' dir='ltr'><strong>est,</strong></span> <span class='ocrx_word' id='word_1_113' title='bbox 979 1856 1055 1939; x_wconf 86' lang='lat' dir='ltr'><strong>quia</strong></span> <span class='ocrx_word' id='word_1_114' title='bbox 1081 1857 1225 1923; x_wconf 88' lang='lat' dir='ltr'><strong>desinens</strong></span> <span class='ocrx_word' id='word_1_115' title='bbox 1254 1855 1430 1940; x_wconf 83' lang='lat' dir='ltr'><strong>proficiendi</strong></span> 
     </span>
     <span class='ocr_line' id='line_1_15' title="bbox 304 1960 1068 2045; baseline -0.004 -18"><span class='ocrx_word' id='word_1_116' title='bbox 304 1960 464 2045; x_wconf 85' lang='lat' dir='ltr'><strong>adpetitus</strong></span> <span class='ocrx_word' id='word_1_117' title='bbox 487 1980 548 2026; x_wconf 93' lang='lat' dir='ltr'><strong>non</strong></span> <span class='ocrx_word' id='word_1_118' title='bbox 570 1960 670 2027; x_wconf 88' lang='lat' dir='ltr'><strong>aberit</strong></span> <span class='ocrx_word' id='word_1_119' title='bbox 691 1978 711 2025; x_wconf 88' lang='lat' dir='ltr'><strong>a</strong></span> <span class='ocrx_word' id='word_1_120' title='bbox 731 1960 869 2045; x_wconf 84' lang='lat' dir='ltr'><strong>periculo</strong></span> <span class='ocrx_word' id='word_1_121' title='bbox 894 1960 1068 2027; x_wconf 89' lang='lat' dir='ltr'><strong>recedendi.</strong></span> 
     </span>
    </p>
   </div>
   <div class='ocr_carea' id='block_1_3' title="bbox 303 2080 1459 2269">
    <p class='ocr_par' dir='ltr' id='par_1_3' title="bbox 303 2080 1459 2269">
     <span class='ocr_line' id='line_1_16' title="bbox 348 2080 1459 2167; baseline -0.004 -20"><span class='ocrx_word' id='word_1_122' title='bbox 348 2080 418 2147; x_wconf 87' lang='lat' dir='ltr'><strong>XV.</strong></span> <span class='ocrx_word' id='word_1_123' title='bbox 441 2082 577 2167; x_wconf 87' lang='lat' dir='ltr'><strong>ideoque</strong></span> <span class='ocrx_word' id='word_1_124' title='bbox 598 2082 681 2166; x_wconf 78' lang='lat' dir='ltr'><strong>iugis</strong></span> <span class='ocrx_word' id='word_1_125' title='bbox 704 2081 801 2148; x_wconf 87' lang='lat' dir='ltr'><strong>cellae</strong></span> <span class='ocrx_word' id='word_1_126' title='bbox 824 2081 1013 2148; x_wconf 89' lang='lat' dir='ltr'><strong>conmoratio</strong></span> <span class='ocrx_word' id='word_1_127' title='bbox 1030 2080 1212 2147; x_wconf 86' lang='lat' dir='ltr'><strong>retentanda</strong></span> <span class='ocrx_word' id='word_1_128' title='bbox 1227 2080 1284 2146; x_wconf 91' lang='lat' dir='ltr'><strong>est.</strong></span> <span class='ocrx_word' id='word_1_129' title='bbox 1321 2080 1459 2145; x_wconf 73' lang='lat' dir='ltr'><strong>totienso</strong></span> 
     </span>
     <span class='ocr_line' id='line_1_17' title="bbox 303 2182 1431 2269; baseline -0.004 -18"><span class='ocrx_word' id='word_1_130' title='bbox 303 2184 390 2251; x_wconf 91' lang='lat' dir='ltr'><strong>enim</strong></span> <span class='ocrx_word' id='word_1_131' title='bbox 423 2188 517 2252; x_wconf 89' lang='lat' dir='ltr'><strong>etiam</strong></span> <span class='ocrx_word' id='word_1_132' title='bbox 552 2204 696 2252; x_wconf 90' lang='lat' dir='ltr'><strong>reuersus</strong></span> <span class='ocrx_word' id='word_1_133' title='bbox 729 2187 798 2269; x_wconf 87' lang='lat' dir='ltr'><strong>quie</strong></span> <span class='ocrx_word' id='word_1_134' title='bbox 832 2184 920 2251; x_wconf 88' lang='lat' dir='ltr'><strong>uelut</strong></span> <span class='ocrx_word' id='word_1_135' title='bbox 950 2203 1050 2251; x_wconf 89' lang='lat' dir='ltr'><strong>nouus</strong></span> <span class='ocrx_word' id='word_1_136' title='bbox 1080 2185 1114 2250; x_wconf 92' lang='lat' dir='ltr'><strong>in</strong></span> <span class='ocrx_word' id='word_1_137' title='bbox 1147 2202 1183 2249; x_wconf 88' lang='lat' dir='ltr'><strong>ea</strong></span> <span class='ocrx_word' id='word_1_138' title='bbox 1216 2184 1248 2249; x_wconf 92' lang='lat' dir='ltr'><strong>et</strong></span> <span class='ocrx_word' id='word_1_139' title='bbox 1281 2182 1431 2265; x_wconf 87' lang='lat' dir='ltr'><strong>incipieus</strong></span> 
     </span>
    </p>
   </div>
   <div class='ocr_carea' id='block_1_4' title="bbox 304 2285 1433 2479">
    <p class='ocr_par' dir='ltr' id='par_1_4' title="bbox 304 2285 1433 2479">
     <span class='ocr_line' id='line_1_18' title="bbox 305 2285 1432 2373; baseline -0.005 -18"><span class='ocrx_word' id='word_1_140' title='bbox 305 2289 461 2355; x_wconf 88' lang='lat' dir='ltr'><strong>habitator</strong></span> <span class='ocrx_word' id='word_1_141' title='bbox 483 2290 635 2356; x_wconf 76' lang='lat' dir='ltr'><strong>titubabit</strong></span> <span class='ocrx_word' id='word_1_142' title='bbox 656 2290 750 2373; x_wconf 87' lang='lat' dir='ltr'><strong>atque</strong></span> <span class='ocrx_word' id='word_1_143' title='bbox 772 2287 961 2369; x_wconf 84' lang='lat' dir='ltr'><strong>turbabitur,</strong></span> <span class='ocrx_word' id='word_1_144' title='bbox 983 2288 1125 2372; x_wconf 85' lang='lat' dir='ltr'><strong>quotiens</strong></span> <span class='ocrx_word' id='word_1_145' title='bbox 1148 2288 1187 2354; x_wconf 89' lang='lat' dir='ltr'><strong>ab</strong></span> <span class='ocrx_word' id='word_1_146' title='bbox 1210 2286 1316 2354; x_wconf 89' lang='lat' dir='ltr'><strong>eadem</strong></span> <span class='ocrx_word' id='word_1_147' title='bbox 1339 2285 1432 2351; x_wconf 84' lang='lat' dir='ltr'><strong>fuerit</strong></span> 
     </span>
     <span class='ocr_line' id='line_1_19' title="bbox 304 2390 1433 2479; baseline -0.004 -20"><span class='ocrx_word' id='word_1_148' title='bbox 304 2398 466 2479; x_wconf 80' lang='lat' dir='ltr'><strong>epagatus.</strong></span> <span class='ocrx_word' id='word_1_149' title='bbox 503 2394 593 2461; x_wconf 89' lang='lat' dir='ltr'><strong>illam</strong></span> <span class='ocrx_word' id='word_1_150' title='bbox 622 2412 757 2478; x_wconf 85' lang='lat' dir='ltr'><strong>namque</strong></span> <span class='ocrx_word' id='word_1_151' title='bbox 788 2414 881 2478; x_wconf 87' lang='lat' dir='ltr'><strong>qnam</strong></span> <span class='ocrx_word' id='word_1_152' title='bbox 910 2396 944 2459; x_wconf 92' lang='lat' dir='ltr'><strong>in</strong></span> <span class='ocrx_word' id='word_1_153' title='bbox 972 2392 1051 2459; x_wconf 89' lang='lat' dir='ltr'><strong>cella</strong></span> <span class='ocrx_word' id='word_1_154' title='bbox 1078 2392 1217 2459; x_wconf 88' lang='lat' dir='ltr'><strong>residens</strong></span> <span class='ocrx_word' id='word_1_155' title='bbox 1245 2390 1433 2475; x_wconf 84' lang='lat' dir='ltr'><strong>adquisierat</strong></span> 
     </span>
    </p>
   </div>
   <div class='ocr_carea' id='block_1_5' title="bbox 188 2496 1466 3512">
    <p class='ocr_par' dir='ltr' id='par_1_5' title="bbox 302 2496 1462 2892">
     <span class='ocr_line' id='line_1_20' title="bbox 302 2496 1433 2579; baseline -0.004 -16"><span class='ocrx_word' id='word_1_156' title='bbox 302 2496 402 2563; x_wconf 89' lang='lat' dir='ltr'><strong>animi</strong></span> <span class='ocrx_word' id='word_1_157' title='bbox 429 2496 648 2575; x_wconf 86' lang='lat' dir='ltr'><strong>intentionem,</strong></span> <span class='ocrx_word' id='word_1_158' title='bbox 677 2496 707 2562; x_wconf 87' lang='lat' dir='ltr'><strong>ei·</strong></span> <span class='ocrx_word' id='word_1_159' title='bbox 733 2496 830 2563; x_wconf 84' lang='lat' dir='ltr'><strong>fuerit</strong></span> <span class='ocrx_word' id='word_1_160' title='bbox 857 2496 1005 2575; x_wconf 80' lang='lat' dir='ltr'><strong>relaxata,</strong></span> <span class='ocrx_word' id='word_1_161' title='bbox 1036 2512 1218 2579; x_wconf 86' lang='lat' dir='ltr'><strong>recuperare</strong></span> <span class='ocrx_word' id='word_1_162' title='bbox 1241 2512 1350 2560; x_wconf 90' lang='lat' dir='ltr'><strong>rursus</strong></span> <span class='ocrx_word' id='word_1_163' title='bbox 1373 2511 1433 2559; x_wconf 92' lang='lat' dir='ltr'><strong>non</strong></span> 
     </span>
     <span class='ocr_line' id='line_1_21' title="bbox 304 2598 1462 2684; baseline -0.003 -19"><span class='ocrx_word' id='word_1_164' title='bbox 304 2598 372 2665; x_wconf 90' lang='lat' dir='ltr'><strong>sine</strong></span> <span class='ocrx_word' id='word_1_165' title='bbox 401 2600 505 2665; x_wconf 88' lang='lat' dir='ltr'><strong>labore</strong></span> <span class='ocrx_word' id='word_1_166' title='bbox 534 2600 649 2684; x_wconf 89' lang='lat' dir='ltr'><strong>poterit</strong></span> <span class='ocrx_word' id='word_1_167' title='bbox 678 2618 713 2666; x_wconf 88' lang='lat' dir='ltr'><strong>ac</strong></span> <span class='ocrx_word' id='word_1_168' title='bbox 736 2600 851 2680; x_wconf 85' lang='lat' dir='ltr'><strong>dolore,</strong></span> <span class='ocrx_word' id='word_1_169' title='bbox 881 2600 913 2665; x_wconf 91' lang='lat' dir='ltr'><strong>et</strong></span> <span class='ocrx_word' id='word_1_170' title='bbox 934 2618 990 2683; x_wconf 96' lang='lat' dir='ltr'><strong>per</strong></span> <span class='ocrx_word' id='word_1_171' title='bbox 1018 2599 1077 2665; x_wconf 89' lang='lat' dir='ltr'><strong>boc</strong></span> <span class='ocrx_word' id='word_1_172' title='bbox 1098 2598 1244 2665; x_wconf 86' lang='lat' dir='ltr'><strong>reductus</strong></span> <span class='ocrx_word' id='word_1_173' title='bbox 1266 2601 1351 2664; x_wconf 89' lang='lat' dir='ltr'><strong>retro</strong></span> <span class='ocrx_word' id='word_1_174' title='bbox 1374 2614 1462 2664; x_wconf 75' lang='lat' dir='ltr'><strong>nonu</strong></span> 
     </span>
     <span class='ocr_line' id='line_1_22' title="bbox 304 2700 1433 2787; baseline 0.001 -21"><span class='ocrx_word' id='word_1_175' title='bbox 304 2702 343 2767; x_wconf 92' lang='lat' dir='ltr'><strong>de</strong></span> <span class='ocrx_word' id='word_1_176' title='bbox 372 2700 486 2767; x_wconf 88' lang='lat' dir='ltr'><strong>amisso</strong></span> <span class='ocrx_word' id='word_1_177' title='bbox 514 2702 666 2787; x_wconf 78' lang='lat' dir='ltr'><strong>cogitabit</strong></span> <span class='ocrx_word' id='word_1_178' title='bbox 692 2702 845 2785; x_wconf 86' lang='lat' dir='ltr'><strong>proiectu,</strong></span> <span class='ocrx_word' id='word_1_179' title='bbox 875 2721 967 2786; x_wconf 90' lang='lat' dir='ltr'><strong>quem</strong></span> <span class='ocrx_word' id='word_1_180' title='bbox 996 2701 1212 2785; x_wconf 88' lang='lat' dir='ltr'><strong>superadioere</strong></span> <span class='ocrx_word' id='word_1_181' title='bbox 1243 2702 1348 2786; x_wconf 89' lang='lat' dir='ltr'><strong>potuit</strong></span> <span class='ocrx_word' id='word_1_182' title='bbox 1369 2704 1433 2767; x_wconf 92' lang='lat' dir='ltr'><strong>sie</strong></span> 
     </span>
     <span class='ocr_line' id='line_1_23' title="bbox 305 2803 1432 2892; baseline 0.001 -22"><span class='ocrx_word' id='word_1_183' title='bbox 305 2804 387 2870; x_wconf 85' lang='lat' dir='ltr'><strong>cella</strong></span> <span class='ocrx_word' id='word_1_184' title='bbox 408 2821 470 2869; x_wconf 89' lang='lat' dir='ltr'><strong>nen</strong></span> <span class='ocrx_word' id='word_1_185' title='bbox 484 2803 595 2871; x_wconf 87' lang='lat' dir='ltr'><strong>inisset</strong></span> <span class='ocrx_word' id='word_1_186' title='bbox 616 2824 771 2888; x_wconf 80' lang='grc' dir='ltr'>ιιιιιιιι,</span> <span class='ocrx_word' id='word_1_187' title='bbox 795 2806 850 2871; x_wconf 83' lang='grc' dir='ltr'><strong>ιιι</strong></span> <span class='ocrx_word' id='word_1_188' title='bbox 871 2804 1021 2892; x_wconf 81' lang='lat' dir='ltr'><strong>gaudebit</strong></span> <span class='ocrx_word' id='word_1_189' title='bbox 1035 2804 1150 2890; x_wconf 83' lang='lat' dir='ltr'><strong>potius,</strong></span> <span class='ocrx_word' id='word_1_190' title='bbox 1166 2805 1194 2871; x_wconf 91' lang='lat' dir='ltr'><strong>ei</strong></span> <span class='ocrx_word' id='word_1_191' title='bbox 1209 2806 1301 2873; x_wconf 89' lang='lat' dir='ltr'><strong>illum</strong></span> <span class='ocrx_word' id='word_1_192' title='bbox 1316 2809 1432 2872; x_wconf 89' lang='lat' dir='ltr'><strong>statum</strong></span> 
     </span>
    </p>

    <p class='ocr_par' dir='ltr' id='par_1_6' title="bbox 188 2908 1466 3512">
     <span class='ocr_line' id='line_1_24' title="bbox 188 2908 1435 2992; baseline -0.005 -13"><span class='ocrx_word' id='word_1_193' title='bbox 188 2973 191 2979; x_wconf 90' lang='lat'><em>.</em></span> <span class='ocrx_word' id='word_1_194' title='bbox 306 2908 345 2973; x_wconf 89' lang='lat' dir='ltr'><strong>de</strong></span> <span class='ocrx_word' id='word_1_195' title='bbox 370 2926 431 2992; x_wconf 90' lang='lat' dir='ltr'><strong>quo</strong></span> <span class='ocrx_word' id='word_1_196' title='bbox 465 2908 593 2975; x_wconf 82' lang='lat' dir='ltr'><strong>reccidit</strong></span> <span class='ocrx_word' id='word_1_197' title='bbox 627 2914 726 2975; x_wconf 91' lang='lat' dir='ltr'><strong>semet</strong></span> <span class='ocrx_word' id='word_1_198' title='bbox 758 2912 862 2992; x_wconf 90' lang='lat' dir='ltr'><strong>ipsum</strong></span> <span class='ocrx_word' id='word_1_199' title='bbox 894 2910 1027 2975; x_wconf 88' lang='lat' dir='ltr'><strong>senserit</strong></span> <span class='ocrx_word' id='word_1_200' title='bbox 1054 2909 1215 2992; x_wconf 88' lang='lat' dir='ltr'><strong>recepisse.</strong></span> <span class='ocrx_word' id='word_1_201' title='bbox 1253 2928 1326 2976; x_wconf 86' lang='lat' dir='ltr'><strong>nam</strong></span> <span class='ocrx_word' id='word_1_202' title='bbox 1357 2910 1435 2975; x_wconf 88' lang='lat' dir='ltr'><strong>sicut</strong></span> 
     </span>
     <span class='ocr_line' id='line_1_25' title="bbox 306 3011 1434 3099; baseline 0.002 -22"><span class='ocrx_word' id='word_1_203' title='bbox 306 3011 455 3078; x_wconf 88' lang='lat' dir='ltr'><strong>amissum</strong></span> <span class='ocrx_word' id='word_1_204' title='bbox 479 3032 515 3077; x_wconf 88' lang='grc' dir='ltr'><strong>ιι</strong></span> <span class='ocrx_word' id='word_1_205' title='bbox 537 3013 741 3095; x_wconf 87' lang='lat' dir='ltr'><strong>praeteritum</strong></span> <span class='ocrx_word' id='word_1_206' title='bbox 763 3016 889 3099; x_wconf 87' lang='lat' dir='ltr'><strong>tempus</strong></span> <span class='ocrx_word' id='word_1_207' title='bbox 916 3012 1051 3079; x_wconf 89' lang='lat' dir='ltr'><strong>ulterius</strong></span> <span class='ocrx_word' id='word_1_208' title='bbox 1076 3014 1216 3079; x_wconf 87' lang='lat' dir='ltr'><strong>reuocari</strong></span> <span class='ocrx_word' id='word_1_209' title='bbox 1238 3030 1299 3079; x_wconf 94' lang='lat' dir='ltr'><strong>non</strong></span> <span class='ocrx_word' id='word_1_210' title='bbox 1322 3015 1434 3097; x_wconf 87' lang='lat' dir='ltr'><strong>potest,</strong></span> 
     </span>
     <span class='ocr_line' id='line_1_26' title="bbox 305 3115 1466 3201; baseline 0.002 -22"><span class='ocrx_word' id='word_1_211' title='bbox 305 3116 412 3181; x_wconf 91' lang='lat' dir='ltr'><strong>itane</strong></span> <span class='ocrx_word' id='word_1_212' title='bbox 437 3115 496 3182; x_wconf 87' lang='lat' dir='ltr'><strong>illa</strong></span> <span class='ocrx_word' id='word_1_213' title='bbox 517 3116 642 3199; x_wconf 86' lang='lat' dir='ltr'><strong>quidem</strong></span> <span class='ocrx_word' id='word_1_214' title='bbox 665 3135 743 3201; x_wconf 88' lang='lat' dir='ltr'><strong>qnae</strong></span> <span class='ocrx_word' id='word_1_215' title='bbox 765 3117 924 3201; x_wconf 87' lang='lat' dir='ltr'><strong>perierunt</strong></span> <span class='ocrx_word' id='word_1_216' title='bbox 954 3116 1088 3199; x_wconf 83' lang='lat' dir='ltr'><strong>posenni</strong></span> <span class='ocrx_word' id='word_1_217' title='bbox 1109 3118 1323 3183; x_wconf 87' lang='lat' dir='ltr'><strong>emolumenta</strong></span> <span class='ocrx_word' id='word_1_218' title='bbox 1345 3116 1466 3183; x_wconf 72' lang='lat' dir='ltr'><strong>resti-³⁵</strong></span> 
     </span>
     <span class='ocr_line' id='line_1_27' title="bbox 305 3218 1434 3305; baseline 0 -21"><span class='ocrx_word' id='word_1_219' title='bbox 305 3220 363 3285; x_wconf 76' lang='grc' dir='ltr'>ιιι.</span> <span class='ocrx_word' id='word_1_220' title='bbox 413 3220 644 3303; x_wconf 88' lang='lat' dir='ltr'><strong>quantumlibet</strong></span> <span class='ocrx_word' id='word_1_221' title='bbox 681 3223 764 3287; x_wconf 89' lang='lat' dir='ltr'><strong>enirn</strong></span> <span class='ocrx_word' id='word_1_222' title='bbox 801 3224 872 3305; x_wconf 89' lang='lat' dir='ltr'><strong>post</strong></span> <span class='ocrx_word' id='word_1_223' title='bbox 917 3222 993 3287; x_wconf 88' lang='lat' dir='ltr'><strong>haec</strong></span> <span class='ocrx_word' id='word_1_224' title='bbox 1036 3219 1133 3285; x_wconf 88' lang='lat' dir='ltr'><strong>animi</strong></span> <span class='ocrx_word' id='word_1_225' title='bbox 1170 3220 1303 3286; x_wconf 86' lang='lat' dir='ltr'><strong>intentio</strong></span> <span class='ocrx_word' id='word_1_226' title='bbox 1342 3218 1434 3286; x_wconf 85' lang='lat' dir='ltr'><strong>inerit</strong></span> 
     </span>
     <span class='ocr_line' id='line_1_28' title="bbox 305 3322 1433 3409; baseline -0.001 -20"><span class='ocrx_word' id='word_1_227' title='bbox 305 3326 439 3408; x_wconf 85' lang='lat' dir='ltr'><strong>operata,</strong></span> <span class='ocrx_word' id='word_1_228' title='bbox 462 3324 610 3390; x_wconf 86' lang='lat' dir='ltr'><strong>instantis</strong></span> <span class='ocrx_word' id='word_1_229' title='bbox 632 3324 693 3390; x_wconf 92' lang='lat' dir='ltr'><strong>diei</strong></span> <span class='ocrx_word' id='word_1_230' title='bbox 708 3324 866 3409; x_wconf 84' lang='lat' dir='ltr'><strong>proiectus</strong></span> <span class='ocrx_word' id='word_1_231' title='bbox 882 3330 913 3391; x_wconf 90' lang='grc' dir='ltr'><strong>ιι</strong></span> <span class='ocrx_word' id='word_1_232' title='bbox 931 3322 1107 3408; x_wconf 85' lang='lat' dir='ltr'><strong>praesentis</strong></span> <span class='ocrx_word' id='word_1_233' title='bbox 1122 3326 1270 3409; x_wconf 90' lang='lat' dir='ltr'><strong>temporie</strong></span> <span class='ocrx_word' id='word_1_234' title='bbox 1287 3326 1433 3409; x_wconf 77' lang='lat' dir='ltr'><strong>quaestus</strong></span> 
     </span>
     <span class='ocr_line' id='line_1_29' title="bbox 306 3426 998 3512; baseline 0.003 -21"><span class='ocrx_word' id='word_1_235' title='bbox 306 3426 365 3505; x_wconf 82' lang='lat' dir='ltr'><strong>est,</strong></span> <span class='ocrx_word' id='word_1_236' title='bbox 389 3445 451 3492; x_wconf 92' lang='lat' dir='ltr'><strong>non</strong></span> <span class='ocrx_word' id='word_1_237' title='bbox 473 3428 553 3492; x_wconf 88' lang='lat' dir='ltr'><strong>lueri</strong></span> <span class='ocrx_word' id='word_1_238' title='bbox 575 3429 672 3493; x_wconf 90' lang='lat' dir='ltr'><strong>semel</strong></span> <span class='ocrx_word' id='word_1_239' title='bbox 694 3426 809 3511; x_wconf 90' lang='lat' dir='ltr'><strong>perditi</strong></span> <span class='ocrx_word' id='word_1_240' title='bbox 833 3429 998 3512; x_wconf 89' lang='lat' dir='ltr'><strong>reparatio.</strong></span> 
     </span>
    </p>
   </div>
   <div class='ocr_carea' id='block_1_6' title="bbox 410 3645 951 3714">
    <p class='ocr_par' dir='ltr' id='par_1_7' title="bbox 410 3645 951 3714">
     <span class='ocr_line' id='line_1_30' title="bbox 410 3645 951 3714; baseline 0.004 -13"><span class='ocrx_word' id='word_1_241' title='bbox 410 3645 489 3701; x_wconf 73' lang='lat' dir='ltr'><strong>are.</strong></span> <span class='ocrx_word' id='word_1_242' title='bbox 508 3646 566 3714; x_wconf 87' lang='grc' dir='ltr'>ιιι,</span> <span class='ocrx_word' id='word_1_243' title='bbox 584 3648 619 3701; x_wconf 86' lang='grc' dir='ltr'><strong>ιι</strong></span> <span class='ocrx_word' id='word_1_244' title='bbox 721 3646 870 3702; x_wconf 66' lang='lat' dir='ltr'><strong>ennean.</strong></span> <span class='ocrx_word' id='word_1_245' title='bbox 890 3650 951 3711; x_wconf 78' lang='grc' dir='ltr'><strong>ιι</strong></span> 
     </span>
    </p>
   </div>
   <div class='ocr_carea' id='block_1_7' title="bbox 307 3852 1438 4437">
    <p class='ocr_par' dir='ltr' id='par_1_8' title="bbox 307 3852 1438 4437">
     <span class='ocr_line' id='line_1_31' title="bbox 360 3852 1434 3925; baseline 0.003 -18"><span class='ocrx_word' id='word_1_246' title='bbox 360 3853 377 3907; x_wconf 87' lang='grc'>3</span> <span class='ocrx_word' id='word_1_247' title='bbox 395 3852 521 3921; x_wconf 86' lang='lat' dir='ltr'><strong>conpellit</strong></span> <span class='ocrx_word' id='word_1_248' title='bbox 543 3853 570 3909; x_wconf 91' lang='grc'><strong>7</strong></span> <span class='ocrx_word' id='word_1_249' title='bbox 668 3852 799 3922; x_wconf 75' lang='lat' dir='ltr'><strong>dinquid</strong></span> <span class='ocrx_word' id='word_1_250' title='bbox 821 3852 941 3910; x_wconf 91' lang='lat' dir='ltr'><strong><em>VDWO</em></strong></span> <span class='ocrx_word' id='word_1_251' title='bbox 1044 3855 1062 3910; x_wconf 85' lang='lat'><strong>8</strong></span> <span class='ocrx_word' id='word_1_252' title='bbox 1084 3855 1157 3925; x_wconf 88' lang='lat' dir='ltr'><strong>ipsus</strong></span> <span class='ocrx_word' id='word_1_253' title='bbox 1179 3856 1206 3911; x_wconf 91' lang='lat' dir='ltr'><strong><em>V</em></strong></span> <span class='ocrx_word' id='word_1_254' title='bbox 1308 3856 1341 3912; x_wconf 90' lang='lat'><strong>10</strong></span> <span class='ocrx_word' id='word_1_255' title='bbox 1357 3854 1434 3910; x_wconf 90' lang='lat' dir='ltr'><strong>dimi·</strong></span> 
     </span>
     <span class='ocr_line' id='line_1_32' title="bbox 307 3938 1435 4009; baseline 0.004 -17"><span class='ocrx_word' id='word_1_256' title='bbox 307 3938 385 3994; x_wconf 88' lang='lat' dir='ltr'><strong>nutio</strong></span> <span class='ocrx_word' id='word_1_257' title='bbox 407 3938 558 3994; x_wconf 82' lang='lat' dir='ltr'><strong><em>V¹D¹WX</em></strong></span> <span class='ocrx_word' id='word_1_258' title='bbox 659 3940 692 3993; x_wconf 91' lang='lat'><strong>11</strong></span> <span class='ocrx_word' id='word_1_259' title='bbox 715 3940 744 3993; x_wconf 91' lang='lat' dir='ltr'><strong>in</strong></span> <span class='ocrx_word' id='word_1_260' title='bbox 762 3954 813 3994; x_wconf 85' lang='lat' dir='ltr'><strong>om.</strong></span> <span class='ocrx_word' id='word_1_261' title='bbox 837 3938 876 3995; x_wconf 99' lang='lat' dir='ltr'><strong><em>W</em></strong></span> <span class='ocrx_word' id='word_1_262' title='bbox 975 3940 1010 3995; x_wconf 97' lang='grc'><strong>12</strong></span> <span class='ocrx_word' id='word_1_263' title='bbox 1027 3944 1163 3997; x_wconf 86' lang='lat' dir='ltr'><strong>susteneat</strong></span> <span class='ocrx_word' id='word_1_264' title='bbox 1181 3942 1224 3997; x_wconf 83' lang='grc' dir='ltr'><strong>1)ι</strong></span> <span class='ocrx_word' id='word_1_265' title='bbox 1328 3942 1360 3998; x_wconf 85' lang='grc'><strong>14</strong></span> <span class='ocrx_word' id='word_1_266' title='bbox 1376 3954 1435 4009; x_wconf 80' lang='lat' dir='ltr'><strong>epe·</strong></span> 
     </span>
     <span class='ocr_line' id='line_1_33' title="bbox 308 4022 1376 4085; baseline 0.005 -7"><span class='ocrx_word' id='word_1_267' title='bbox 308 4025 377 4079; x_wconf 86' lang='lat' dir='ltr'><strong>titas</strong></span> <span class='ocrx_word' id='word_1_268' title='bbox 399 4024 437 4078; x_wconf 96' lang='lat' dir='ltr'><strong><em>W</em></strong></span> <span class='ocrx_word' id='word_1_269' title='bbox 543 4024 677 4079; x_wconf 90' lang='lat' dir='ltr'><strong>recidendi</strong></span> <span class='ocrx_word' id='word_1_270' title='bbox 694 4022 793 4082; x_wconf 90' lang='lat' dir='ltr'><strong>D¹OX</strong></span> <span class='ocrx_word' id='word_1_271' title='bbox 896 4024 1032 4082; x_wconf 84' lang='lat' dir='ltr'><strong>15xn11</strong></span> <span class='ocrx_word' id='word_1_272' title='bbox 1054 4028 1093 4085; x_wconf 96' lang='lat' dir='ltr'><strong><em>W</em></strong></span> <span class='ocrx_word' id='word_1_273' title='bbox 1193 4028 1332 4085; x_wconf 84' lang='lat' dir='ltr'><strong>retinenda</strong></span> <span class='ocrx_word' id='word_1_274' title='bbox 1350 4027 1376 4083; x_wconf 89' lang='lat' dir='ltr'><strong><em>V</em></strong></span> 
     </span>
     <span class='ocr_line' id='line_1_34' title="bbox 309 4109 1437 4181; baseline 0.004 -17"><span class='ocrx_word' id='word_1_275' title='bbox 309 4110 342 4164; x_wconf 84' lang='grc'><strong>11</strong></span> <span class='ocrx_word' id='word_1_276' title='bbox 365 4109 506 4165; x_wconf 84' lang='lat' dir='ltr'><strong>habitatur</strong></span> <span class='ocrx_word' id='word_1_277' title='bbox 527 4110 555 4163; x_wconf 91' lang='lat' dir='ltr'><strong><em>V</em></strong></span> <span class='ocrx_word' id='word_1_278' title='bbox 655 4111 739 4181; x_wconf 87' lang='lat' dir='ltr'><strong>adque</strong></span> <span class='ocrx_word' id='word_1_279' title='bbox 761 4111 812 4168; x_wconf 85' lang='lat' dir='ltr'><strong>VO</strong></span> <span class='ocrx_word' id='word_1_280' title='bbox 913 4113 945 4168; x_wconf 90' lang='grc'><strong>21</strong></span> <span class='ocrx_word' id='word_1_281' title='bbox 970 4114 994 4169; x_wconf 92' lang='lat' dir='ltr'><strong>si</strong></span> <span class='ocrx_word' id='word_1_282' title='bbox 1011 4129 1061 4168; x_wconf 84' lang='lat' dir='ltr'><strong>om.</strong></span> <span class='ocrx_word' id='word_1_283' title='bbox 1079 4114 1119 4167; x_wconf 66' lang='lat'><strong>12²</strong></span> <span class='ocrx_word' id='word_1_284' title='bbox 1221 4112 1257 4169; x_wconf 84' lang='grc'><strong>23</strong></span> <span class='ocrx_word' id='word_1_285' title='bbox 1280 4114 1376 4170; x_wconf 83' lang='lat' dir='ltr'><strong>recidit</strong></span> <span class='ocrx_word' id='word_1_286' title='bbox 1396 4112 1437 4168; x_wconf 76' lang='grc' dir='ltr'><strong>Βί</strong></span> 
     </span>
     <span class='ocr_line' id='line_1_35' title="bbox 309 4195 1438 4271; baseline 0.006 -20"><span class='ocrx_word' id='word_1_287' title='bbox 309 4195 366 4251; x_wconf 84' lang='lat' dir='ltr'><strong>OX</strong></span> <span class='ocrx_word' id='word_1_288' title='bbox 393 4198 492 4252; x_wconf 90' lang='lat' dir='ltr'><strong>recedit</strong></span> <span class='ocrx_word' id='word_1_289' title='bbox 507 4196 591 4253; x_wconf 77' lang='lat' dir='ltr'><strong>1&gt;²W</strong></span> <span class='ocrx_word' id='word_1_290' title='bbox 687 4198 811 4267; x_wconf 88' lang='lat' dir='ltr'><strong>recipisse</strong></span> <span class='ocrx_word' id='word_1_291' title='bbox 833 4198 879 4255; x_wconf 93' lang='lat' dir='ltr'><strong>W¹</strong></span> <span class='ocrx_word' id='word_1_292' title='bbox 982 4200 1016 4254; x_wconf 80' lang='lat'><strong>25</strong></span> <span class='ocrx_word' id='word_1_293' title='bbox 1035 4215 1068 4254; x_wconf 93' lang='lat' dir='ltr'><strong>ne</strong></span> <span class='ocrx_word' id='word_1_294' title='bbox 1085 4200 1142 4271; x_wconf 85' lang='lat' dir='ltr'><strong>illa]</strong></span> <span class='ocrx_word' id='word_1_295' title='bbox 1161 4200 1236 4255; x_wconf 89' lang='lat' dir='ltr'><strong>nulla</strong></span> <span class='ocrx_word' id='word_1_296' title='bbox 1258 4200 1283 4257; x_wconf 87' lang='lat' dir='ltr'><strong><em>V</em></strong></span> <span class='ocrx_word' id='word_1_297' title='bbox 1379 4214 1438 4270; x_wconf 72' lang='lat' dir='ltr'><strong>po!-</strong></span> 
     </span>
     <span class='ocr_line' id='line_1_36' title="bbox 307 4282 1437 4343; baseline 0.004 -9"><span class='ocrx_word' id='word_1_298' title='bbox 307 4283 373 4335; x_wconf 87' lang='lat' dir='ltr'><strong>sunt</strong></span> <span class='ocrx_word' id='word_1_299' title='bbox 400 4298 449 4337; x_wconf 79' lang='lat' dir='ltr'><strong>om.</strong></span> <span class='ocrx_word' id='word_1_300' title='bbox 476 4282 515 4339; x_wconf 99' lang='lat' dir='ltr'><strong><em>W</em></strong></span> <span class='ocrx_word' id='word_1_301' title='bbox 617 4284 798 4338; x_wconf 88' lang='lat' dir='ltr'><strong>emolumenta</strong></span> <span class='ocrx_word' id='word_1_302' title='bbox 824 4284 851 4339; x_wconf 91' lang='lat' dir='ltr'><strong><em>V</em></strong></span> <span class='ocrx_word' id='word_1_303' title='bbox 947 4284 981 4339; x_wconf 84' lang='grc'><strong>21</strong></span> <span class='ocrx_word' id='word_1_304' title='bbox 1008 4286 1204 4343; x_wconf 80' lang='lat' dir='ltr'><strong>instantius&#39;V</strong></span> <span class='ocrx_word' id='word_1_305' title='bbox 1306 4288 1339 4343; x_wconf 90' lang='grc'><strong>28</strong></span> <span class='ocrx_word' id='word_1_306' title='bbox 1364 4301 1437 4341; x_wconf 90' lang='lat' dir='ltr'><strong>recn-</strong></span> 
     </span>
     <span class='ocr_line' id='line_1_37' title="bbox 309 4368 475 4437; baseline 0.012 -15"><span class='ocrx_word' id='word_1_307' title='bbox 309 4368 411 4437; x_wconf 90' lang='lat' dir='ltr'><strong>peratio</strong></span> <span class='ocrx_word' id='word_1_308' title='bbox 432 4368 475 4424; x_wconf 89' lang='lat' dir='ltr'><strong>Vo</strong></span> 
     </span>
    </p>
   </div>
   <div class='ocr_carea' id='block_1_8' title="bbox 0 0 1557 4964">
    <p class='ocr_par' dir='ltr' id='par_1_9' title="bbox 0 0 1557 4964">
     <span class='ocr_line' id='line_1_38' title="bbox 0 0 1557 4964; baseline 0 0"><span class='ocrx_word' id='word_1_309' title='bbox 0 0 1557 4964; x_wconf 95' lang='lat' dir='ltr'><strong> </strong></span> 
     </span>
    </p>
   </div>
  </div>
 </body>
</html>
