3092 4967
552 448 716 505 conlatio
740 446 810 513 1111,
827 447 904 501 o—d.
1229 446 1286 513 101

168 655 226 704 non
255 638 389 704 habeam
416 637 600 722 proeliandi.
637 640 718 721 qnod
745 638 813 703 eine
834 637 928 704 dnbio
950 635 1065 704 habere
1088 653 1149 701 uon
1171 636 1288 718 potero,

166 744 192 808 ei
226 742 306 807 mihi
342 758 467 824 eemper
496 745 530 807 et
564 742 738 824 indiernpte
775 741 947 807 cohaeserit
982 740 1088 807 diuina
1123 737 1287 823 protentio.

166 843 329 911 eud'nltum
358 861 493 928 namque
521 862 572 910 me
600 846 656 909 tua
684 842 861 909 defensione
884 846 1038 927 temptare
1061 841 1204 910 diabolne
1225 856 1288 905 non

166 948 302 1027 audebit,
332 946 412 1013 illud
433 948 570 1013 otieiene
593 950 625 1013 et
648 946 835 1031 exprobrans
860 948 912 1014 nel
935 947 1014 1013 mihi
1035 946 1087 1013 uel
1109 944 1183 1024 tibi,
1207 942 1288 1027 qnod

145 1051 311 1117 radnorene
340 1050 476 1116 athletae
504 1053 575 1115 tnoa
596 1049 677 1116 eolet
698 1050 892 1117 oatnmnioaa
914 1068 989 1117 uooe
1011 1049 1162 1133 proferre:
1185 1063 1287 1112 num·

163 1154 254 1236 quid
276 1153 405 1238 gretie
427 1152 496 1218 Iob
517 1152 617 1219 colit
638 1152 775 1221 deum?
797 1170 922 1219 nonne
938 1155 978 1218 tn
1000 1151 1167 1218 nollaeti
1186 1168 1288 1233 enm,

163 1273 205 1321 ao
238 1258 393 1322 domum
426 1257 527 1332 eiua,
562 1260 864 1340 uniuereamqno
896 1255 1169 1323 substantiam
1203 1252 1289 1317 eina

162 1377 225 1441 per
258 1357 497 1425 eironitnm?
525 1357 579 1425 eod
607 1359 709 1443 magia
737 1362 809 1441 peto
839 1377 882 1439 ne
907 1378 957 1425 me
986 1375 1106 1441 ueqno
1137 1371 1289 1440 quaque

162 1463 297 1535 dorem,
327 1461 408 1543 qnod
437 1462 556 1531 Graeco
585 1462 701 1527 dioitnr
729 1458 791 1539 ἕως
818 1452 955 1547 σφόδρα,
985 1460 1018 1528 id
1033 1461 1098 1531 .eet
1126 1476 1223 1542 nequo
1249 1456 1288 1523 ad

132 1564 368 1630 onimietatem.
406 1567 558 1646 qnantum
589 1563 673 1629 enim
703 1563 782 1629 mihi
811 1563 891 1629 utile
919 1568 968 1629 eet
996 1564 1023 1629 ei
1052 1580 1102 1629 me
1123 1561 1318 1645 panlnlnmd

161 1666 387 1749 enbrelinqnae,
408 1667 445 1731 ut
466 1665 610 1731 deeiderii
634 1668 695 1733 mei
716 1666 894 1733 constantia
923 1664 1138 1751 oonprobetnr‚
1161 1666 1287 1730 tantum

161 1771 291 1838 noxium
312 1774 361 1837 oet
382 1773 409 1836 ei
431 1788 488 1852 pro
508 1770 628 1837 meritis
649 1789 686 1837 ao
707 1770 831 1837 deiietia
860 1770 939 1836 meis
960 1770 1095 1836 nimium
1116 1787 1167 1836 nno
1188 1767 1288 1835 deaeri

161 1874 306 1956 pmiarie,
329 1874 404 1957 qnia
426 1874 516 1939 nulla
535 1874 638 1940 uirtne
667 1874 813 1954 hnmana,
840 1876 869 1941 ei
889 1874 1006 1940 diutine
1027 1876 1061 1940 iu
1082 1870 1288 1957 temptatione

160 1978 213 2042 tuo
234 1976 398 2043 deeeratnr
418 1976 543 2054 anxilio,
566 1995 626 2043 ena
645 1978 762 2061 poterit
787 1978 962 2044 eouetnntia
982 1977 1150 2062 perdurare
1173 1976 1205 2041 et
1225 1991 1287 2041 nou

131 2079 306 2161 aprotinua
328 2079 498 2146 aduersarii
520 2079 573 2145 nel
594 2080 736 2163 potentia
756 2081 810 2145 uel
833 2080 969 2147 faotione
991 2079 1204 2157 eubonmbera
1225 2078 1288 2145 nini

158 2186 195 2248 tn
222 2183 303 2266 ipee,
333 2184 387 2265 qni
415 2202 449 2249 oe
479 2183 686 2251 humanarum
716 2184 834 2249 uirium
856 2184 997 2251 eoueoine
1019 2201 1057 2249 ae
1078 2182 1287 2249 luctaminum

160 2286 348 2366 moderator,
371 2286 691 2369 nonpermieerie
705 2288 899 2371 temptari
915 2305 983 2354 noe
998 2305 1115 2372 nuper
1130 2286 1170 2351 id
1185 2285 1287 2370 qnod

158 2407 386 2471 possumne,
408 2390 476 2455 eed
497 2389 644 2457 teneris
665 2409 749 2456 oum
770 2392 1039 2475 temptatione
1061 2395 1101 2456 et
1123 2392 1286 2475 exitum,
1405 2430 1408 2437 ·

159 2499 200 2560 nt
227 2495 438 2561 enetinere
466 2497 673 2577 poeeimue.
708 2496 774 2562 tale
803 2496 879 2580 quid
909 2500 941 2561 et
969 2496 1004 2561 in
1034 2494 1177 2562 inditum
1203 2491 1318 2559 libret

129 2614 252 2681 aenper
285 2599 539 2665 exterminatione
570 2601 713 2685 gentium
745 2598 936 2683 epiritalium
970 2616 1049 2683 qnae
1082 2598 1286 2664 aduersantur

159 2698 296 2767 Ieraheli
325 2701 456 2783 mpetioe
484 2700 618 2785 legimne
651 2700 869 2787 designatum:
904 2702 975 2774 hae
1005 2702 1098 2767 eunt
1130 2698 1285 2783 genten,

159 2821 255 2887 qnae
287 2803 467 2869 dominus
497 2803 734 2888 dereliquit,
763 2807 807 2870 ut
836 2806 1017 2872 erudiret
1041 2806 1081 2870 in
1104 2804 1162 2871 eie
1184 2804 1285 2871 Iara-

159 2906 301 2989 telem‚
332 2912 370 2971 et
399 2906 593 2973 haberent
622 2910 949 2977 eonsuetudinem
979 2928 1062 2977 oum
1094 2908 1285 2975 hoetibua

159 3007 405 3093 proeliandi,
426 3008 591 3075 etiterum
606 3012 806 3095 postponoa:
823 3012 1061 3095 dimisitque
1083 3031 1145 3078 eoe
1167 3012 1287 3076 dorni·

128 3130 245 3192 aune,
285 3113 330 3176 nt
364 3113 402 3177 in
438 3111 542 3194 ipaie
578 3113 832 3197 experiretur
874 3114 1109 3192 Israhelem‚
1153 3116 1286 3179 utrum

158 3215 319 3281 audiret
340 3215 523 3282 mandata
543 3216 691 3283 domini
714 3216 1284 3302 qnaepraeoeperatpotribna

160 3334 298 3385 eornm
319 3339 387 3404 per
408 3339 561 3389 manum
582 3320 723 3406 idonei,
745 3342 793 3389 an
808 3341 891 3390 non.
915 3340 1009 3407 qnam
1024 3326 1132 3406 utique
1147 3328 1316 3407 pugnomd

158 3438 220 3488 non
242 3422 390 3489 innidene
412 3423 490 3489 dene
511 3425 611 3507 quieti
631 3426 780 3492 Israhelie
803 3444 859 3492 nee
881 3427 962 3492 male
985 3426 1086 3493 eidem
1109 3425 1283 3510 oonenleue,

159 3736 173 3789 l
208 3735 226 3789 2
261 3649 405 3791 111οέ41,
427 3651 514 3793 9-410
531 3651 626 3720 (Lxx)
737 3655 769 3711 17
797 3652 893 3710 IGor.
917 3653 958 3723 10,
982 3652 1016 3709 1³
1118 3654 1149 3709 21
1178 3653 1237 3710 Iud.
1260 3656 1285 3721 3,

175 3763 206 3777 ··
395 3752 441 3793 .a

210 3946 351 4016 lpliandi
367 3946 399 4002 D
500 3948 659 4005 erutum
675 3948 746 4006 D¹P
844 3952 862 4007 6
884 3951 954 4008 oolet
975 3952 1019 4009 D¹
1120 3955 1237 4024 egrae
1253 3952 1284 4008 D

161 4032 259 4089 m
292 4034 365 4103 grani
392 4033 415 4089 0
530 4036 705 4105 ueaOoApA
730 4034 763 4093 X
795 4038 940 4094 audoene
962 4038 1035 4098 Dw
1066 4040 1219 4095 eamdem
1246 4038 1283 4095 0:

158 4131 209 4171 on.
226 4116 257 4171 P
360 4118 394 4173 10
415 4119 556 4175 nimietate
577 4119 647 4177 12¹0
749 4121 984 4193 repertorium
1087 4126 1121 4181 18
1143 4124 1182 4193 et]
1201 4124 1284 4180 eum

158 4199 223 4257 Xe:
253 4212 305 4259 orne.
326 4204 351 4259 0
457 4204 490 4261 21
509 4206 616 4263 Moe
636 4207 701 4264 WO
804 4209 898 4266 heoO
998 4210 1033 4266 22
1049 4211 1199 4282 dereliquid
1221 4210 1285 4265 WP

157 4286 296 4358 relinquid
315 4289 342 4345 0
430 4291 465 4347 m
481 4294 515 4346 nt
531 4292 659 4349 nebunt
675 4292 718 4349 D·
811 4294 847 4351 14
863 4295 967 4364 ditandi
982 4296 1014 4353 D
1107 4296 1142 4353 26
1159 4296 1284 4353 audirent

158 4368 218 4427 2¹·
321 4374 356 4429 21
374 4391 455 4432 manu
475 4376 541 4434 WO
640 4380 709 4433 moti
729 4380 770 4437 W
869 4380 904 4436 28
921 4382 1019 4451 quietio
1040 4382 1092 4439 ΟΡ
