3092 4967
479 425 640 481 (lonletio
662 425 732 489 1111,
750 424 859 479 ld-l'l.
1170 426 1232 491 111

126 637 171 701 por
188 618 280 683 solius
303 619 353 683 dei
373 617 510 701 gretiam
539 616 698 700 possideri,
720 614 902 681 debentibus
923 632 980 681 nos
1004 614 1229 696 quodammodo

124 722 208 803 ipsius
238 722 282 786 rei
316 720 545 804 experimentis,
576 724 610 784 ut
639 721 666 784 si
695 718 910 802 integritatem
947 716 1047 783 eordis
1081 726 1232 801 perpetuo

123 825 253 906 oonsequi
280 824 480 901 delectamur,
509 822 695 888 bumilitetis
722 822 903 887 studeamus
935 821 1085 887 uirtutem
1115 821 1232 905 iugiter

122 926 257 993 obtinere.

105 1068 115 1105 s
158 1047 238 1114 xvi.
253 1049 355 1114 Huius
370 1047 468 1132 igitur
483 1046 629 1130 puritetis
645 1047 812 1111 eletionem
824 1046 1073 1129 pernitiosiorem
1089 1045 1232 1109 futurem

122 1152 229 1217 montis
249 1152 417 1217 sceleribus
440 1153 534 1232 etque
562 1150 692 1232 flagitiis
714 1153 746 1214 et
766 1150 805 1213 ob
827 1149 908 1215 bene
930 1148 1008 1214 nibil
1030 1166 1086 1213 nos
1110 1146 1230 1212 emolu·

121 1254 207 1319 ruenti
222 1256 442 1319 consecuturos
458 1272 510 1336 pro
526 1252 666 1335 quelibet
682 1253 839 1317 restitutis
854 1251 1037 1334 integritate
1052 1252 1146 1315 testes
1158 1250 1236 1314 sunt

120 1356 183 1421 illue
202 1359 336 1423 uirtutes
357 1376 488 1439 querum
511 1354 652 1440 superius
680 1356 812 1422 ierimus
834 1357 1032 1438 mentionem,
1061 1372 1138 1437 quae
1162 1369 1233 1438 epm

121 1459 213 1526 nudus
235 1459 415 1527 buiumnodi
437 1460 638 1526 titillationes
658 1462 760 1525 uernis
773 1459 919 1525 bebonisse
934 1462 1106 1537 credentur,
1129 1456 1167 1523 ob
1184 1474 1233 1521 so·
1263 1452 1276 1495 s

93 1564 177 1629 elnrn
196 1564 296 1629 sordis
319 1564 483 1629 eletionem
505 1573 657 1646 perpetue
677 1564 767 1629 ruine
783 1564 820 1629 de
835 1564 891 1630 ille
904 1562 1034 1628 sublimi
1048 1560 1234 1643 eoelestiqde

120 1666 239 1736 nullom
255 1668 394 1735 udeotee
416 1672 499 1733 sunt.
536 1685 675 1733 essemus
696 1667 803 1750 itaque
819 1668 943 1749 penitus
958 1668 1075 1749 ebsque
1091 1662 1232 1731 remedio

121 1771 216 1854 tepidi,
237 1772 349 1855 utpote
371 1790 433 1835 non
457 1770 604 1836 hebentes
631 1771 768 1835 indieern
796 1770 1011 1853 neglegentiae
1031 1772 1156 1835 nostres
1178 1768 1233 1833 nel

121 1872 295 1957 incorpore
320 1878 431 1939 nosue,
447 1873 498 1937 uel
520 1874 553 1938 in
576 1871 773 1938 oonsoientiis
796 1872 928 1955 propriis
949 1872 1147 1951 insidentem,
1176 1888 1234 1937 neo

121 1982 306 2045 studeremus
331 1980 370 2045 ed
398 1977 596 2061 perfeetionis
622 1994 773 2059 umquem
802 1978 962 2059 peruenire
985 1975 1149 2056 feruorem,
1177 1974 1233 2041 sed

95 2100 154 2145 nno
165 2081 358 2163 frugalitatis
372 2082 498 2164 quidem
510 2081 739 2161 distriotionem
755 2081 807 2145 nol
822 2080 1031 2145 eontinentiee
1045 2082 1242 2158 teneremus„

122 2184 174 2249 uisi
203 2204 261 2250 nos
296 2185 373 2251 bees
404 2184 547 2249 titillatio
581 2184 683 2251 oernis
716 2185 890 2249 inoresoens
924 2183 1106 2251 humiliaret
1139 2184 1235 2265 etque

121 2287 290 2353 retunderet
304 2292 339 2352 et.
350 2285 500 2352 aduersus
514 2286 705 2369 spiritelium
720 2304 841 2369 quoque
853 2287 1002 2352 uitiorum
1014 2288 1232 2371 purgetionem

122 2387 260 2455 sollicitos
282 2389 427 2454 redderet
449 2392 481 2455 et
501 2390 649 2455 intentos
1060 2390 1063 2397 '

155 2508 253 2575 XVII.
291 2511 429 2593 Denique
460 2512 492 2576 in
524 2510 574 2575 his
601 2510 655 2593 qui
681 2509 831 2591 spadones
861 2510 934 2575 sunt
961 2526 1084 2593 torpore
1117 2510 1233 2577 ideireo

95 2610 192 2679 nbuno
223 2601 336 2679 animi
354 2618 492 2695 teporem
518 2615 701 2695 plerumque
728 2612 831 2679 inesse
860 2612 1128 2697 deprehendimus,
1159 2613 1234 2697 quie

121 2716 198 2781 uelut
217 2716 354 2783 absoluti
370 2716 411 2781 eb
427 2717 487 2781 hee
501 2716 687 2782 necessitate
702 2716 819 2781 eerueli
834 2734 890 2781 neo
904 2718 1009 2783 lebore
1025 2716 1234 2783 rontinentiee

121 2821 277 2901 oorporelis
299 2836 357 2884 neo
377 2820 564 2885 contritione
584 2819 685 2885 eordis
706 2836 740 2883 se
762 2819 943 2885 existiment
959 2821 1107 2903 indigere,
1125 2823 1156 2885 et
1176 2820 1235 2885 beo

122 2925 280 2987 monritate
317 2924 445 2988 resoluti
490 2938 659 3004 numquem
695 2922 915 3006 perfeetionenr
954 2924 1065 3003 eordis,
1103 2923 1156 2989 sed
1194 2942 1232 2988 ne

121 3022 301 3103 spiritalium
339 3026 462 3107 quidem
501 3027 649 3091 uitiorum
685 3026 901 3109 purgationem
935 3027 986 3091 uel
1020 3044 1167 3109 quaerere
1200 3026 1232 3090 in

95 3130 245 3194 sueritete
267 3130 319 3194 uel
341 3129 498 3211 possidere
523 3128 684 3194 festinent.
718 3130 772 3211 qui
794 3128 895 3195 status
910 3147 928 3194 e
944 3130 1062 3194 oerneli
1079 3128 1232 3211 qualitate

121 3227 271 3297 discedens
308 3231 442 3297 efficitur
477 3232 633 3310 animulis,
668 3233 720 3315 qui
755 3238 801 3296 est
832 3231 940 3315 prooul
973 3231 1066 3298 dubio
1098 3231 1236 3297 deterior

121 3336 236 3414 geues
274 3336 341 3419 ipse
368 3340 416 3401 eet
442 3337 524 3401 enim
554 3337 607 3418 qui
636 3339 674 3401 de
700 3334 816 3420 irigido
847 3336 886 3401 ed
915 3334 1055 3419 tepidum
1077 3336 1233 3400 trensiens

121 3436 323 3504 detestebilior
344 3438 462 3506 domini
484 3455 560 3505 ueoe
581 3439 731 3523 signetur.

166 3677 180 3729 1
205 3676 340 3746 possidere
364 3676 453 3733 DOX
552 3677 570 3731 5
595 3675 774 3745 pernitiosiori
800 3675 840 3731 Β*
943 3675 959 3728 6
982 3676 1068 3745 edque
1089 3676 1167 3732 VOP

120 3760 288 3816 emolumenti
309 3762 370 3817 1Ῥι
467 3763 483 3816 1
501 3764 689 3817 oonseoutnrns
712 3761 738 3816 V
762 3762 943 3817 oonseoutoms
960 3760 1001 3817 D¹
1098 3764 1239 3819 testantnn

120 3843 193 3901 PXo
294 3848 312 3902 8
334 3849 437 3902 uirtute
460 3848 498 3903 W
595 3849 612 3902 9
632 3847 761 3902 bebnesee
781 3846 808 3901 V
906 3845 939 3901 10
956 3845 1006 3901 ille
1022 3863 1073 3902 om.
1091 3847 1167 3902 PXo

122 3930 148 3984 11
166 3931 262 3989 deuoti
278 3934 319 3989 Β*
415 3934 449 3988 12
466 3936 563 4002 utpute
583 3933 677 3989 V²P1
767 3932 882 3989 indidem
900 3932 930 3987 D
1023 3934 1056 3987 13
1074 3934 1126 4002 uel]
1144 3934 1194 3988 ent
1211 3933 1240 3988 P

120 4013 167 4071 Xe
269 4021 302 4074 lb
319 4036 367 4075 neo
384 4020 416 4074 X
515 4020 677 4090 fragilitatis
692 4019 762 4076 D¹0
858 4019 1050 4075 eontinentiem
1067 4018 1167 4074 D¹PX

119 4101 150 4154 16
165 4103 249 4173 edque
269 4105 348 4163 17οΡ
442 4107 476 4161 18
492 4107 625 4161 sollicitus
646 4106 671 4162 V
763 4106 885 4160 intentus
905 4105 932 4160 V
1025 4106 1060 4160 nu
1077 4106 1167 4175 quio

120 4185 151 4239 22
165 4190 207 4258 eol
221 4206 280 4245 esse
296 4191 322 4247 0
410 4192 565 4247 existiment
585 4192 623 4248 Vr
648 4191 823 4247 eubistirnent
838 4192 867 4246 D
893 4191 1024 4245 estiment
1042 4188 1067 4245 0
1088 4190 1239 4246 aestiment

122 4272 232 4331 nuno
319 4278 385 4332 baec
405 4278 452 4334 17¹
546 4277 581 4335 28
596 4293 644 4332 nee
660 4278 693 4332 X
784 4274 1103 4333 monumentorum
1129 4276 1237 4331 dosoem

121 4357 180 4414 dene
193 4361 313 4421 noxe
340 4363 493 4420 dimondenn
511 4365 540 4421 P
639 4364 767 4434 quilque
788 4363 811 4420 O
