3092 4967
496 442 655 498 Conlatio
679 441 753 507 XVI,
774 441 885 498 20—22.
1190 443 1254 508 457

130 633 231 714 potest
251 634 375 717 aooipi),
397 651 451 717 per
474 633 532 700 hoe
553 650 677 698 omnem
699 632 825 715 penitus
848 633 1026 700 iracundiae
1049 632 1193 701 fomitem
1216 632 1254 697 de

22 730 23 738 ’
130 736 285 819 profundis
307 737 433 820 oupiens
455 737 577 802 animae
598 735 810 820 penetralibus
841 737 1004 821 extirpare,
1032 735 1145 815 idest,
1170 743 1205 800 ut
1227 735 1255 801 si

22 836 23 878 3
131 839 260 906 exterior
280 842 409 906 dextera
429 840 487 905 tna
508 838 651 923 inpetum
673 839 816 904 ferientis
839 840 1004 922 exceperit,
1025 838 1154 904 interior
1176 857 1254 920 quo·

22 988 23 1023 ι
130 960 185 1023 quo
209 941 302 1008 homo
323 960 377 1026 por
399 941 591 1008 humilitatis
614 942 784 1008 adsensum
814 941 975 1008 dexteram
998 958 1085 1008 suam
1110 940 1255 1024 praebeat

22 1035 23 1081 ἶ
113 1045 360 1126 ouerberandam,
376 1047 558 1128 oonpatiens
574 1044 736 1112 exterioris
751 1045 886 1112 hominis
901 1045 1041 1128 passioni
1057 1048 1089 1110 et
1105 1044 1256 1126 quodam-

130 1147 218 1214 modo
252 1149 457 1215 auooumbens
500 1148 594 1232 atque
637 1148 793 1215 subiciens
836 1167 928 1214 suum
964 1165 1075 1231 eorpus
1113 1145 1254 1212 ferientis

22 1270 23 1275 ¹
129 1251 270 1332 iniuriae,
307 1271 346 1317 ne
383 1250 543 1318 exterioris
579 1251 714 1316 hominis
746 1254 838 1317 oaede
871 1251 923 1316 uel
957 1251 1071 1317 tacitns
1104 1249 1189 1316 intra
1221 1267 1255 1315 se

129 1358 293 1420 moneatm
313 1355 453 1420 interior.
490 1353 607 1419 uidetis
630 1371 703 1438 ergo
724 1355 818 1438 longo
844 1372 895 1420 eos
918 1355 957 1420 ab
981 1354 1164 1440 euangelica
1185 1355 1285 1437 per-3

130 1457 265 1523 leetione
285 1457 412 1536 distare,
429 1474 507 1540 quoe
522 1456 710 1540 patientiam
725 1457 815 1522 doeot
828 1474 889 1522 non
905 1457 1020 1536 uerbis,
1042 1456 1096 1523 sed
1110 1455 1256 1522 interiore

100 1559 232 1625 socordis
265 1558 497 1644 tranquillitate
525 1561 708 1626 seruandam
741 1577 873 1643 eamque
901 1579 921 1626 a
949 1560 1048 1636 nobis,
1080 1578 1153 1626 eum
1181 1558 1256 1642 quid

129 1663 254 1729 aduersi
276 1663 425 1742 euenexit,
448 1663 497 1728 ita
517 1662 669 1746 praeripit
692 1663 852 1748 custodiri,
875 1667 911 1728 nt
934 1681 995 1729 non
1017 1666 1118 1730 solum
1134 1663 1258 1728 nosmet

127 1766 212 1850 ipsos
234 1766 361 1845 alienos·
375 1767 414 1833 ab
436 1765 615 1832 iratundiee
636 1766 870 1850 perturbatione
892 1785 1063 1846 sordemus,
1086 1766 1256 1832 sedetiam

127 1869 199 1935 illos
224 1869 278 1954 qui
299 1887 355 1934 sno
377 1869 516 1934 eonmoti
537 1870 612 1934 sunt
634 1868 711 1933 uitio
742 1869 979 1934 sueoumbentes
1002 1869 1125 1935 iniuriis
1149 1887 1256 1935 eorum

126 1972 165 2037 ed
193 1971 412 2056 placiditatem
447 1973 570 2054 expleta
605 1970 709 2038 caedis
745 1971 892 2038 satietate
926 1991 1081 2058 cogamus,
1119 1973 1255 2039 furorem

95 2095 236 2142 aeorum
269 2079 374 2141 nootm
405 2075 537 2141 lenitate
569 2076 739 2140 uincentes.
777 2076 809 2140 et
845 2075 891 2140 ita
924 2075 1022 2141 etiam
1053 2076 1256 2159 apostolieum

126 2178 208 2245 illud
225 2179 430 2262 inplebimus:
454 2178 539 2244 noli
561 2177 666 2243 uinoi
688 2197 707 2242 a
728 2178 847 2254 malo,
875 2178 942 2244 sed
966 2179 1081 2244 uinea
1103 2179 1256 2244 inbono

124 2282 280 2348 maium.
317 2284 399 2365 quod
421 2281 546 2348 abillis
568 2281 683 2364 inpleri
704 2300 766 2346 non
789 2299 877 2364 posse
901 2282 1110 2348 oertissimum
1132 2285 1180 2348 est
1201 2275 1288 2363 quid

125 2384 181 2449 illo
206 2385 322 2467 spiritu
343 2401 379 2449 ae
402 2387 524 2450 tumore
546 2384 642 2450 uerba
671 2382 811 2449 lenitatis
834 2385 927 2468 atque
949 2384 1141 2450 humilitatis
1163 2385 1255 2450 emit·

124 2489 211 2564 tunt,
234 2486 272 2551 ut
293 2503 355 2551 non
376 2486 478 2550 solum
499 2503 561 2550 non
576 2485 726 2571 mitigent
740 2488 923 2569 ronoeptnm
939 2486 1052 2552 furoris
1069 2486 1255 2572 inoendium‚

93 2591 180 2655 sosod
208 2588 312 2674 magis
341 2588 421 2654 illud
449 2594 515 2654 tarn
542 2589 576 2653 in
603 2606 658 2652 sno
686 2606 782 2672 quam
812 2589 843 2653 in
872 2589 979 2655 fratris
1003 2590 1141 2655 oonmoti
1164 2607 1257 2656 sensu

125 2692 249 2758 laniant
270 2691 472 2776 oonflagrare.
510 2691 563 2775 qui
592 2695 707 2771 temen,
736 2692 864 2758 etiamsi
885 2695 1015 2777 possent
1037 2693 1141 2776 aliquo
1164 2695 1255 2760 modo

125 2796 186 2878 ipsi
225 2797 318 2861 mites
355 2813 392 2860 ao
428 2795 543 2878 plaoidi
579 2813 773 2882 permanere,
807 2814 866 2861 neo
899 2797 943 2862 sio
975 2796 1102 2880 quidem
1136 2793 1256 2880 aliquos

123 2898 269 2964 iustitiae
291 2900 439 2980 raperent
462 2897 592 2974 fruetus,
617 2915 689 2964 oum
711 2899 824 2963 damno
849 2899 981 2982 proximi
1003 2899 1174 2982 pationtiae
1196 2900 1258 2965 sibi

121 3001 261 3088 gloriam
294 3001 488 3067 uindicantes
521 3005 553 3066 et
587 3020 642 3083 per
674 3001 733 3067 hoo
768 3001 808 3066 ab
838 3001 896 3068 illa
923 3002 1095 3084 apostoliea
1128 3003 1258 3068 caritate

88 3105 315 3171 somnimodia
341 3104 445 3184 alieni,
474 3122 552 3186 qnae
581 3121 652 3169 non
675 3105 833 3187 quaerit
859 3123 956 3188 quae
979 3095 1182 3183 enatent,
1205 3109 1257 3172 sod

122 3225 160 3272 ee
184 3225 268 3291 queo
289 3206 433 3272 aliorum.
470 3225 532 3273 non
555 3207 640 3273 onim
661 3207 710 3272 ite
725 3206 852 3274 diuitias
868 3207 1068 3292 ooneupieoit,
1084 3211 1120 3273 ut
1134 3209 1258 3274 luorum

122 3309 188 3376 sibi
223 3311 261 3376 de
293 3310 427 3394 proximi
461 3311 558 3377 faeiat
585 3311 783 3390 detrimento,
817 3328 873 3376 nee
901 3311 1064 3394 adquirere
1092 3312 1257 3396 quiequam

122 3431 200 3478 oum
223 3414 356 3479 alterius
380 3411 537 3479 desiderat
559 3412 712 3478 nuditate.

234 3681 267 3736 16
285 3681 361 3737 Rom.
381 3682 424 3745 12,
442 3682 475 3737 21
579 3681 613 3737 at
631 3681 646 3737 I
663 3681 723 3738 cor.
742 3683 782 3748 13,
801 3685 818 3740 5

175 3941 195 3994 2
224 3923 441 4009 penetrabilibus
468 3941 494 3994 0
606 3946 746 4014 extyxpare
772 3944 804 3996 Π
914 3944 931 3998 3
957 3944 1083 4014 exeiperit
1108 3944 1190 3998 ΠΨ

119 4030 211 4084 tneo
231 4027 257 4077 Y
335 4026 369 4081 13
384 4041 430 4082 eoa
448 4029 474 4080 Y
553 4029 586 4084 14
599 4029 905 4100 pootplroiditatomior
922 4031 953 4083 Π
968 4045 1059 4086 eorum
1073 4031 1190 4086 dolotum

121 4115 156 4170 15
180 4114 280 4168 nostm
300 4113 341 4164 Πι
444 4113 478 4167 16
500 4113 566 4168 illut
585 4114 671 4182 Π(Σ)
776 4116 846 4171 illud
862 4116 1041 4186 apostolieum
1058 4119 1101 4172 ‘l'o
1202 4133 1257 4172 nra·

117 4201 180 4255 lum
201 4199 236 4252 in
254 4195 368 4252 boqu
467 4199 502 4252 21
526 4198 641 4269 flagrare
664 4202 693 4252 Σ
722 4201 887 4271 eondagrare
904 4201 1005 4258 laniant
1027 4205 1054 4256 Y
1153 4202 1259 4271 possint

118 4286 188 4338 ΣΠ
301 4283 336 4338 22
361 4284 438 4338 mitia
464 4284 504 4336 Π·
607 4286 666 4356 nee]
687 4302 721 4342 ne
744 4287 774 4338 Π
803 4303 855 4342 uon
880 4289 906 4340 Y
1006 4287 1039 4342 at
1066 4288 1259 4344 detrimentum

117 4374 160 4427 ΠΙ
274 4369 308 4425 28
325 4370 478 4426 nuditatem
495 4371 567 4425 11¹0
