3092 4967
316 452 380 519 522
708 450 874 505 lobannis
891 410 1052 505 G'assiani

286 641 366 708 doni
389 658 461 705 cum
484 641 611 705 domum
644 640 794 705 abductae
822 638 968 704 omnibus
999 638 1168 704 descruiret
1189 638 1353 721 obsequiis,
1373 638 1434 703 uir·

316 750 416 811 tutem
450 748 620 811 modestiae
649 744 715 810 sius
745 763 782 811 ac
809 744 948 810 lenitatis
980 746 1105 825 experta
1137 742 1306 826 uidensque
1336 762 1368 808 se
1398 744 1435 808 ab

316 849 383 931 ipsa
405 848 573 912 momentis
595 847 729 931 singulis
752 848 924 931 gratiarum
950 848 1072 912 actione
1093 863 1149 928 pro
1171 844 1274 910 cilicio
1295 846 1435 911 humani·

316 952 393 1015 tatis
415 949 567 1031 honorari,
590 953 661 1034 post
683 951 748 1015 dies
771 968 883 1034 paucos
907 950 947 1015 ad
969 950 1178 1013 memoratum
1200 968 1326 1014 reuersa
1338 950 1435 1031 ponti·

314 1053 415 1130 licem,
447 1071 639 1137 regenaam,
664 1053 776 1135 inquit,
805 1056 842 1117 ut
863 1052 942 1117 milri
965 1052 1034 1117 dari
1056 1052 1247 1135 praeciperes
1270 1070 1362 1135 quam
1383 1070 1465 1136 egos

315 1157 474 1223 reficerem
496 1158 529 1222 et
556 1158 605 1221 cui
633 1157 795 1240 morigeris
824 1156 994 1221 famularer
1026 1154 1194 1238 obsequiis.
1233 1172 1365 1237 cumque
1385 1158 1436 1221 ills

314 1260 444 1325 necdum
474 1260 666 1342 propositum
699 1260 832 1323 feminae
860 1276 896 1323 ac
923 1258 1112 1323 desiderium
1140 1259 1326 1342 intellegens
1348 1261 1434 1325 aesti-

315 1368 431 1429 massot
454 1363 636 1447 petitionem
660 1364 726 1427 cius
749 1362 1000 1427 dissimulatione
1022 1362 1191 1444 praepositi
1206 1359 1303 1427 iubae
1317 1364 1436 1446 neglec—

314 1468 392 1546 tam,
416 1484 585 1549 causasque
608 1484 712 1532 morao
732 1465 819 1530 illius
841 1484 904 1530 non
926 1466 1042 1549 absque
1057 1466 1155 1530 animi
1171 1466 1221 1530 sui
1236 1468 1435 1531 commotione

314 1568 498 1652 perquirens
528 1570 670 1652 protinus
696 1569 876 1654 agnouissst
898 1568 1106 1634 honestiorem
1130 1572 1157 1635 ei
1179 1571 1289 1635 ceteris
1311 1569 1433 1635 uiduam
1442 1596 1463 1635 ιο

315 1675 508 1754 deputatam,
542 1673 662 1738 occulte
695 1672 853 1754 praecepit
886 1676 922 1736 ut
955 1690 991 1736 ea
1023 1671 1072 1737 illi
1101 1691 1180 1755 quae
1211 1678 1292 1737 esset
1320 1676 1433 1740 cunctis

315 1776 445 1858 nequior
473 1778 659 1856 traderetur,
692 1792 770 1857 quae
801 1775 925 1839 scilieet
954 1776 1005 1839 usl
1031 1774 1193 1841 iracundia
1221 1776 1273 1841 uel
1295 1778 1368 1842 rixis
1387 1779 1433 1841 uel

314 1880 486 1945 rinolentia
513 1896 566 1943 seu
589 1878 778 1944 uerbositate
801 1884 930 1943 cunctas
958 1877 1075 1961 quibus
1096 1878 1173 1943 baec
1194 1880 1276 1944 uitia
1299 1880 1433 1945 domina·

283 1984 422 2050 4rentur
444 1983 614 2048 excederet.
651 2000 743 2065 quam
766 2000 838 2047 cum
864 1982 964 2047 multo
986 1980 1110 2047 facilius
1132 1982 1297 2048 inuentam
1318 1981 1433 2065 sibique

166 2072 170 2083 '
314 2086 461 2151 traditam
484 2085 568 2152 domi
590 2084 706 2152 habere
729 2086 879 2166 coepisset
901 2089 996 2167 atque
1018 2086 1127 2151 eadem
1148 2087 1178 2151 ei
1192 2086 1358 2169 diligentia
1378 2105 1459 2168 queo

313 2189 410 2272 priori
433 2187 483 2253 illi
505 2189 619 2254 uiduae
641 2190 692 2254 uel
715 2188 810 2254 etiam
833 2188 1003 2253 studiosius
1031 2188 1236 2268 ministraret,
1260 2190 1317 2255 boc
1338 2190 1431 2255 solum

312 2291 353 2357 ab
386 2309 423 2357 ca
454 2310 510 2377 pro
543 2291 640 2357 tantis
674 2293 831 2375 obsequiis
863 2292 1035 2373 recipiebat
1069 2292 1198 2374 gratiae,
1235 2294 1273 2358 ot
1305 2294 1431 2378 indignis

312 2396 431 2479 iugiter
451 2396 636 2462 adficeretur
658 2396 791 2474 iniuriis,
819 2396 967 2461 conuiciis
990 2414 1112 2479 quoque
1134 2394 1174 2460 ab
1198 2415 1235 2463 ea
1249 2394 1431 2479 exprobrati-

313 2500 484 2583 onibusque
527 2500 684 2565 continuis
727 2501 901 2574 uexarstur,
946 2499 1099 2565 obiciente
1142 2503 1171 2565 ei
1208 2502 1241 2565 et
1278 2500 1430 2567 maledicis

313 2602 589 2669 obtrectationibus
612 2602 804 2685 increpante,
835 2621 870 2667 eo
892 2603 973 2685 quod
996 2622 1066 2667 eam
1086 2621 1150 2667 uon
1171 2606 1210 2668 ad
1232 2604 1457 2688 refrigerium,a

313 2705 369 2771 sed
383 2704 487 2787 potius
503 2707 543 2771 ad
558 2706 728 2772 cruciatum
746 2710 779 2771 et
793 2706 1015 2771 contumeliam
1034 2706 1074 2770 ab
1089 2705 1234 2789 episcopo
1247 2708 1430 2792 poposcisset

313 2808 474 2891 magisque
496 2828 528 2873 se
551 2812 589 2875 de
603 2808 709 2891 requie
725 2810 763 2873 ad
779 2808 920 2873 laborem
937 2826 1031 2892 quam
1047 2809 1086 2873 de
1101 2810 1206 2875 labore
1223 2810 1429 2876 transtulisset

313 2912 351 2977 ad
375 2912 525 2994 requiem.
564 2930 633 2977 curn
657 2930 730 2995 ergo
753 2912 928 2977 adsiduitas
943 2912 1116 2995 iurgiorum
1133 2931 1168 2978 eo
1183 2930 1282 2995 usque
1296 2931 1429 2996 prorum·

311 3018 407 3097 peret,
442 3018 479 3080 ut
510 3036 549 3081 ne
579 3018 618 3082 ab
647 3016 820 3082 obiectione
849 3015 976 3099 quidem
1005 3034 1157 3082 manuum
1186 3036 1299 3100 procax
1326 3018 1430 3083 mulier

311 3122 509 3203 temperaret,
540 3118 598 3184 illa
627 3122 733 3185 autem
762 3118 939 3185 humilioris
968 3118 1108 3203 obsequii
1129 3122 1305 3202 geminaret
1325 3118 1455 3195 efficias

312 3240 374 3287 non
405 3223 561 3289 furentem
590 3224 713 3289 uincere
743 3224 913 3301 renitendo,
942 3226 995 3289 sed
1025 3228 1125 3290 semet
1153 3225 1257 3308 ipsam
1287 3224 1428 3291 humilius

311 3324 489 3393 subiciendo
526 3327 674 3407 discebat,
711 3330 748 3392 ut
784 3327 980 3392 multimodis
1013 3327 1257 3411 indignitatibus
1293 3329 1428 3395 lacessito

360 3634 378 3687 2
400 3648 427 3687 se
445 3648 496 3688 om.
514 3633 544 3688 B
641 3634 659 3688 4
681 3634 786 3688 onerari
803 3632 924 3690 B¹KZ⁸2
949 3634 985 3701 cf.
1001 3632 1080 3699 tastu
1097 3639 1123 3699 5.
1141 3636 1160 3689 ὅ
1261 3650 1365 3689 rcnsrsa
1380 3634 1425 3702 (re

310 3742 404 3795 gressa
421 3726 458 3793 R)
478 3726 631 3796 pontificem
652 3724 777 3783 Boou:
806 3728 955 3783 reuertitur
978 3726 1140 3783 sacerdotem
1162 3726 1200 3798 ilc
1302 3724 1425 3797 oinquid

315 3820 366 3875 OB
391 3820 514 3891 inquiens
531 3820 569 3891 pc
666 3822 842 3891 tmorigeris
860 3822 947 3893 coefi
1040 3824 1206 3897 8propesiti
1228 3823 1281 3881 ΟΒ
1369 3835 1427 3890 usz-

309 3915 393 3969 lectas
411 3914 449 3969 B¹
479 3916 625 3972 neclsetm
642 3916 697 3973 FO
789 3916 823 3972 10
840 3916 993 3973 censuisset
1009 3918 1049 3973 Β·
1145 3918 1179 3975 18
1192 3924 1258 3989 poce
1275 3916 1426 3974 uerboeitate

310 4008 482 4080 adduatdc:
499 4011 810 4079 atqueetiamuanitste
892 4012 925 4067 14
935 4012 1069 4068 excideret
1081 4012 1124 4067 Κι
1201 4010 1368 4085 ibatqueli

311 4104 343 4159 16
365 4104 478 4173 primori
500 4104 543 4159 Γ
649 4106 681 4161 19
704 4105 1057 4176 obiciente...inorepanto
1080 4106 1163 4163 ame
1193 4105 1425 4163 obicientis...ir·

309 4198 443 4267 mepsntir
459 4197 577 4268 F’ORB
668 4200 704 4255 2⁰
720 4214 780 4255 eum
797 4198 922 4257 sucas
947 4216 976 4256 ss
992 4202 1033 4272 βο
1124 4203 1159 4258 21
1178 4203 1308 4273 possim
1323 4198 1362 4256 1³¹
1385 4212 1425 4267 go

307 4296 441 4362 poscessst
458 4294 501 4349 Κ*
586 4296 621 4349 24
638 4294 787 4352 obiectione
802 4294 873 4352 BFs
897 4296 1043 4353 iniectione
1058 4297 1160 4369 Rogo
1244 4296 1280 4353 tt
1295 4292 1424 4351 aanor

308 4385 393 4443 BFO
494 4386 528 4442 il
546 4386 782 4458 indignationibus
800 4390 828 4444 Ζ
