3092 4967
319 474 384 543 276
712 472 876 529 Iclrauuis
897 472 1053 530 Cassiani

320 666 459 730 canitur:
490 664 582 747 quia
611 665 783 730 cinerem
813 664 920 731 sicut
948 682 1085 749 panem
1117 666 1367 745 manducaui,
1398 670 1430 733 et
1514 692 1515 747 t

318 768 502 851 poculum
525 787 753 834 meumcum
779 768 885 834 fletu
907 768 1130 835 miscebam.
1165 786 1242 851 quas
1264 770 1431 836 certmst
1514 804 1515 831 1

319 890 381 937 nou
403 871 458 937 illo
480 872 606 937 adiectu
628 873 739 955 promi,
763 890 824 954 quo
846 872 881 937 iu
903 873 991 937 sexto
1006 872 1125 955 psalmo
1141 890 1178 937 ex
1192 872 1431 957 persouapaeui·
1514 900 1515 921 ¹

317 976 415 1041 tontis
452 978 625 1059 emergunt,
663 976 719 1041 sed
754 992 813 1057 pro
856 974 1064 1041 anxietatibus
1101 975 1186 1041 uitae
1222 975 1316 1042 huius
1351 980 1432 1059 atque
1514 994 1515 1047 l

319 1078 475 1161 angustiis
512 1078 545 1143 ot
579 1080 746 1159 aerumnis,
781 1078 895 1161 quibus
928 1078 1005 1145 iusti
1040 1079 1075 1143 iu
1111 1078 1169 1145 hoc
1203 1079 1319 1144 mundo
1350 1080 1458 1163 positis
1514 1112 1515 1155 t

320 1181 546 1265 deprimuntur.
583 1180 784 1265 quodetiam
806 1182 921 1265 psalmi
942 1183 1039 1265 ipsius
1061 1199 1124 1247 non
1146 1182 1248 1248 solum
1263 1184 1374 1261 textus,
1388 1184 1434 1249 aad

320 1287 416 1353 etiam
439 1287 555 1351 titulus
578 1285 741 1351 euidenter
763 1284 910 1366 ostendit,
934 1284 988 1368 qui
1003 1304 1040 1351 ex
1055 1303 1188 1369 persona
1201 1285 1346 1369 pauperia
1359 1285 1434 1351 illius

321 1392 359 1456 de
390 1407 452 1473 quo
484 1389 519 1453 iu
551 1387 714 1471 euangelio
749 1388 878 1455 dicitur:
912 1388 1021 1455 beati
1053 1406 1243 1473 pauperes
1276 1388 1434 1474 spiritu,

319 1497 502 1579 quoniam
530 1492 708 1576 ipsorum
736 1497 799 1557 est
825 1510 987 1577 reguum
1017 1494 1237 1571 caelorum,
1267 1492 1316 1559 ita
1337 1494 1435 1560 descri-

319 1598 424 1665 bitur:
461 1597 594 1664 oratio
630 1598 839 1681 pauperis,
884 1614 968 1664 cum
1004 1596 1186 1664 anxiatus
1229 1596 1373 1675 luerit,
1405 1600 1460 1661 eto

319 1719 450 1768 coram
467 1703 535 1767 deo
558 1700 759 1766 offuderit
780 1719 936 1785 precem
958 1718 1077 1767 snam.

361 1804 461 1871 XXX
494 1803 544 1871 Ab
580 1804 631 1869 bis
663 1822 736 1888 ergo
768 1803 909 1871 lacrimis
942 1804 1081 1871 multum
1114 1804 1236 1870 distant
1265 1803 1342 1870 illae
1368 1820 1435 1886 quas

321 1908 474 1975 obdurato
500 1911 594 1975 corde
615 1908 655 1973 de
674 1910 765 1974 siccis
792 1908 890 1973 oculis
920 1911 1145 1991 exprimuntur.
1182 1926 1259 1991 quas
1289 1909 1366 1975 licat
1385 1922 1436 1972 uon

320 2012 446 2096 penitus
468 2012 679 2078 infructuosas
694 2030 762 2077 esse
778 2012 943 2078 credamus
960 2011 1054 2095 (bono
1069 2012 1153 2077 enim
1167 2014 1326 2096 proposito
1341 2028 1437 2078 aarum

321 2119 536 2200 adtemptatur
563 2115 701 2197 emissio,
729 2115 769 2181 ab
799 2116 847 2181 his
874 2116 1057 2200 praesertim
1088 2117 1142 2199 qui
1170 2115 1304 2181 nemum
1334 2116 1382 2181 uel
1405 2115 1462 2180 adu

320 2219 486 2286 scientiam
501 2222 662 2303 pemeuirc
677 2218 848 2302 perfactam
866 2218 918 2284 uel
938 2217 1147 2303 pristinorum
1168 2237 1223 2284 seu
1238 2218 1438 2301 praesentium

320 2324 472 2390 uitiorum
502 2323 672 2406 potuerunt
700 2324 741 2387 ad
769 2340 884 2405 purum
912 2322 983 2387 labe
1011 2322 1182 2408 mundari),
1208 2324 1248 2390 ab
1269 2321 1321 2387 his
1343 2322 1437 2387 tamer

321 2429 375 2512 qni
397 2428 431 2493 iu
452 2427 601 2493 allectum
623 2428 686 2492 iam
708 2427 863 2493 transiere
884 2424 1041 2492 uirtutum
1062 2444 1261 2509 nequaqnam
1282 2424 1377 2490 debet
1389 2422 1438 2488 hoc

320 2535 412 2597 modo
441 2530 616 2614 extorqueri
643 2530 780 2614 prolusio
809 2529 1011 2597 lacrimarum
1042 2548 1098 2595 nec
1126 2529 1286 2595 exterioris
1313 2528 1438 2596 hominis

320 2652 434 2719 magno
463 2654 553 2717 opere
583 2633 763 2699 adfectandi
791 2638 865 2701 sunt
892 2632 996 2711 fletus,
1030 2634 1084 2717 qui
1106 2632 1232 2699 etiamsi
1254 2632 1374 2699 luerint
1393 2633 1465 2695 uta

322 2756 453 2821 cumque
483 2737 636 2821 producti,
669 2756 841 2821 numquam
873 2738 1051 2823 pertingere
1085 2737 1173 2803 illam
1209 2740 1439 2820 spontanearum

291 2840 522 2920 2laorimarum
545 2843 694 2926 poterunt
715 2843 902 2909 ubertatem.
927 2843 1029 2926 magis
1050 2840 1133 2907 cuim
1157 2840 1369 2925 supplicantia
1382 2837 1440 2904 aui·

321 2964 410 3009 mum
431 2945 497 3011 suis
520 2944 685 3013 conatibus
700 2946 899 3013 detrahentes
919 2946 1135 3013 humiliabunt
1149 2948 1242 3029 atque
1257 2944 1297 3009 ad
1313 2944 1441 3009 humana

322 3049 500 3134 demergent
529 3054 562 3117 et
593 3052 632 3117 ab
660 3052 718 3117 illa
751 3051 880 3117 caelesti
908 3050 1106 3118 sublimitate
1134 3052 1298 3135 deponent,
1331 3050 1365 3115 in
1389 3060 1442 3130 qua

321 3155 463 3220 adtonita
484 3172 573 3219 mens
587 3154 707 3219 orantis
721 3153 985 3221 indeclinabiliter
1006 3156 1098 3223 debet
1112 3172 1180 3220 csse
1195 3152 1303 3237 defixa,
1320 3166 1467 3235 mmquos

322 3260 496 3341 conpellent
522 3276 651 3343 precum
680 3276 807 3324 suarum
838 3258 1010 3325 intentione
1038 3258 1142 3325 laxata
1170 3274 1245 3343 erga
1270 3258 1395 3324 steriles
1415 3256 1441 3318 et

322 3362 484 3427 martiniac
506 3361 709 3427 lacrimarum
730 3358 872 3444 guttulas
894 3362 1063 3446 aegrotare.

424 3518 440 3571 1
458 3516 503 3571 ra
521 3516 634 3585 101,10
733 3517 820 3572 aut
837 3516 898 3585 ss
1001 3517 1034 3571 ιο
1054 3516 1099 3571 1²2.
1119 3515 1176 3581 101,
1195 3517 1210 3571 1

375 3655 527 3709 lcenerem
548 3653 584 3708 V¹
675 3654 755 3725 deut]
773 3657 838 3711 suut
854 3655 885 3710 D
975 3654 1137 3724 tpuculum
1158 3652 1195 3707 V¹
1223 3655 1285 3724 poci
1302 3652 1331 3707 D
1359 3652 1444 3721 potum

326 3736 381 3795 ΟΧ
470 3740 574 3809 3quod
597 3741 620 3796 0
709 3741 831 3812 dadque
853 3742 905 3797 VP
988 3740 1131 3797 9discrib.
1148 3738 1208 3795 ΒΡ
1295 3740 1326 3794 11
1344 3737 1443 3793 domino

324 3825 349 3881 0
416 3824 450 3879 12
463 3826 608 3897 wicbolt
625 3827 652 3883 V
663 3844 781 3884 numero
793 3829 898 3895 omaso,
918 3828 960 3884 X‘
971 3828 1082 3885 addito:
1100 3826 1185 3893 XXX,
1203 3842 1263 3883 sorr
1274 3823 1445 3895 &mmai

322 3910 445 3968 ΒΟΡΧι
532 3915 566 3968 13
578 3914 708 3969 obdurato
722 3915 787 3971 OX:
814 3916 939 3971 obturato
956 3914 1040 3972 VDP
1117 3913 1270 3984 quaelicet]
1284 3908 1444 3983 qusscilicet

322 3997 393 4053 D¹P
473 4000 505 4053 17
515 4006 577 4068 poet
587 4000 714 4055 mundari
726 4002 903 4073 distinyaaat
918 4001 1064 4058 VDOPX¹
1144 4001 1177 4055 18
1188 3998 1304 4055 tranche
1319 3996 1385 4053 V¹P
1514 4002 1515 4029 ³

324 4084 357 4139 19
369 4084 519 4154 exturquiri
537 4084 570 4140 V’
662 4088 697 4141 20
708 4102 807 4158 magno
820 4104 898 4159 opere
911 4089 947 4145 O:
974 4104 1132 4159 magnopere
1147 4086 1283 4143 VDPXo
1373 4083 1404 4137 21
1415 4078 1443 4133 at

322 4171 402 4226 illam
421 4171 508 4227 OX¹c
576 4173 610 4227 22
628 4176 775 4243 potuerunt
794 4175 844 4231 ΟΡ
909 4176 1034 4231 ubertate
1054 4173 1081 4230 V
1148 4174 1228 4243 euim]
1247 4175 1337 4228 antsm
1353 4170 1383 4228 D

322 4257 358 4312 23
375 4257 546 4313 detrahentes
567 4258 604 4314 V:
634 4259 747 4315 distmh.
765 4261 846 4317 DXo
875 4261 1035 4317 distraantes
1058 4262 1081 4319 0
1110 4260 1227 4317 dastrah.
1246 4262 1275 4317 P
1367 4258 1444 4328 adque

326 4342 379 4398 VP
469 4344 505 4399 24
522 4344 627 4399 caslmti
645 4345 672 4401 V
696 4346 810 4403 caeleste
827 4348 872 4403 1)ι
967 4349 1002 4404 25
1019 4348 1142 4405 iudiclin.
1161 4346 1195 4403 V¹
1290 4348 1325 4403 26
1342 4344 1443 4400 storalca
1514 4332 1515 4345 ¹

323 4429 365 4484 12¹
466 4432 501 4485 ut
519 4432 657 4487 coactitias
674 4432 705 4488 D
