3092 4967
291 450 356 517 544
681 446 845 501 Iohannis
863 445 1023 501 Cassiani

291 641 427 705 humana
449 640 610 719 consortia,
634 638 737 705 tamen
759 638 808 703 ita
832 638 1040 721 frequentiam
1062 656 1098 702 ac
1119 636 1314 723 fragilitates
1329 636 1367 700 ad
1382 654 1414 700 se
1525 719 1526 730 ἵ

292 742 542 808 concurrentium
575 741 777 820 sustinebant,
812 743 849 806 ut
881 759 954 805 cum
987 742 1026 805 ad
1060 759 1110 806 eos
1143 740 1337 806 uisitaticnie
1365 740 1415 803 uel

291 844 446 929 proiectus
478 843 579 928 gratia
608 848 770 910 innumera
800 844 933 909 fratrum
954 842 1125 909 multitudo
1148 843 1329 923 conflueret,
1351 843 1414 905 tam

292 948 397 1028 iugem
429 964 526 1029 paene
558 946 763 1029 susceptionis
796 944 1044 1027 inquietudinem
1076 945 1231 1011 immobili
1263 944 1414 1027 patients

291 1050 459 1115 tolerantes
482 1049 563 1113 nihil
583 1050 667 1115 aliud
698 1049 749 1114 uel
772 1048 919 1114 didicisse
946 1049 999 1113 uel
1025 1049 1198 1113 exercuisse
1219 1047 1308 1112 omni
1329 1046 1444 1111 uitaes
1525 1087 1526 1096 κ

290 1168 365 1217 suaa
389 1156 527 1235 tempore
542 1151 749 1236 crederentur,
766 1166 858 1235 quam
873 1152 911 1215 ut
925 1151 1131 1216 conmunibns
1146 1150 1271 1215 tantum
1287 1150 1415 1215 adueni-

289 1256 411 1320 entium
426 1254 536 1320 officiis
552 1256 754 1332 deseruirent,
770 1254 818 1319 ita
831 1256 867 1319 ut
882 1256 964 1336 apud
982 1254 1110 1319 cunctos
1124 1257 1205 1318 esset
1219 1250 1412 1333 ambiguum,
1525 1289 1526 1296 κ

290 1356 323 1421 in
346 1374 407 1439 qua
428 1358 627 1440 potissimum
644 1358 837 1441 professione
852 1357 1020 1421 eorundem
1037 1356 1120 1421 esset
1134 1355 1235 1420 maior
1249 1354 1413 1435 inimum,
1525 1397 1526 1400 =

290 1458 323 1523 id
345 1461 392 1524 cst
413 1463 520 1525 utrum
543 1461 575 1524 in
598 1460 655 1525 illu
676 1460 858 1526 heremitica
879 1461 1016 1542 puritate
1037 1476 1077 1523 an
1099 1459 1131 1522 in
1147 1457 1210 1522 ista
1223 1456 1414 1522 conuermti·

289 1578 349 1626 one
370 1563 527 1627 communi
550 1561 795 1646 magnanimitas
817 1579 924 1627 eorum
946 1561 1120 1628 mirabilius
1142 1563 1313 1643 aptaretur.
1421 1580 1444 1621 o

332 1678 372 1747 X.
395 1680 502 1747 Solent
531 1681 636 1746 autom
666 1680 810 1746 nonnulli
839 1684 885 1747 ita
911 1682 1059 1747 diuturno
1081 1680 1208 1747 silentio
1229 1680 1413 1747 solitudinis
1525 1663 1526 1684 ³

289 1780 421 1858 efferari,
445 1787 481 1848 ut
503 1802 626 1866 prorsus
648 1783 811 1849 hominurn
841 1786 996 1850 consortia
1018 1785 1262 1867 perhorrescant,
1289 1786 1412 1850 etcum

290 1886 341 1951 uel
362 1887 525 1969 paululum
548 1906 567 1951 a
588 1887 700 1951 secreti
723 1889 770 1952 sui
794 1888 1015 1953 consuetudine
1036 1886 1263 1953 interueniente
1273 1888 1412 1954 ¹fratrum

290 1989 471 2055 uisitatione
494 1988 701 2069 discesserint,
724 1989 858 2054 notabili
886 1991 1002 2056 mentis
1024 2007 1138 2074 angore
1161 1976 1193 2054 et
1214 1988 1412 2056 euidentibus
1525 1979 1526 1986 '

289 2091 559 2175 pusillanimitatis
581 2092 706 2156 indiciis
729 2095 882 2158 aestuare.
918 2095 998 2176 quod
1014 2092 1064 2158 uel
1079 2096 1211 2157 marimo
1224 2090 1273 2157 llis
1289 2094 1411 2158 euenire
1421 2110 1442 2150 u

290 2196 450 2259 consueuit
472 2196 525 2277 qui
547 2210 607 2259 non
629 2196 764 2276 perfecte
787 2195 821 2259 in
851 2194 1009 2261 coenobiis
1037 2196 1177 2261 instituti
1199 2212 1257 2259 nec
1279 2194 1411 2261 excoctis
1525 2185 1526 2248 ἶ

287 2296 440 2379 prioribus
473 2297 562 2363 uitiis
596 2300 633 2363 ad
668 2298 840 2363 solitariam
871 2316 905 2362 se
935 2299 1034 2363 uitam
1067 2298 1223 2363 inmaturo
1258 2297 1411 2363 desiderio
1525 2295 1526 2380 ᾖ

288 2400 529 2466 transtulerunt:
544 2400 598 2483 qui
614 2400 647 2465 in
661 2404 793 2483 utraque
807 2403 896 2484 parte
911 2400 1076 2483 inperfecti
1087 2418 1211 2483 semper
1221 2418 1258 2466 ac
1272 2400 1408 2485 fragiles,
1525 2405 1526 2468 l

258 2512 480 2587 2qnocumque
524 2522 598 2569 aura
634 2504 848 2568 commotionis
884 2503 1045 2585 inpulerit,
1085 2504 1286 2568 inclinantur.
1338 2522 1410 2569 nam

289 2607 546 2690 quemadmodum
569 2604 723 2671 consortio
738 2606 791 2671 uel
804 2606 1055 2689 interpellatione
1070 2604 1205 2671 fratrum
1220 2607 1440 2689 inpatientem

288 2711 479 2790 exaestuant,
513 2710 559 2775 ita
591 2712 623 2774 in
657 2708 826 2775 solitudine
863 2710 1068 2775 consistentes
1100 2708 1165 2775 eius
1198 2711 1296 2791 ipsius
1328 2710 1409 2792 qnod
1525 2741 1526 2744 ¹

288 2814 436 2896 expetunt
458 2813 576 2877 silentii
598 2830 659 2878 non
682 2812 790 2877 ferunt
820 2814 1012 2893 uastitatem,
1034 2812 1147 2896 quippe
1169 2812 1223 2895 qui
1246 2830 1285 2876 ne
1305 2812 1408 2896 ipsam
1525 2847 1526 2852 κ

288 2916 413 2999 quidem
442 2916 592 2981 rationem
622 2920 747 2994 norunt,
778 2916 865 2982 cuius
896 2933 989 2982 cansa
1020 2917 1188 2982 desiderari
1222 2917 1273 2981 uel
1307 2912 1408 2997 expeti

289 3018 399 3083 debeat
421 3018 566 3103 solitudo,
596 3021 648 3084 sed
670 3019 749 3085 hanc
772 3038 838 3085 esse
868 3020 1018 3085 uirtutem
1038 3036 1077 3083 ac
1098 3018 1296 3101 professionis
1316 3018 1408 3082 huius

288 3122 468 3187 existimant
488 3140 652 3198 summam,
670 3124 706 3187 nt
727 3120 862 3188 fratrum
877 3122 1032 3187 consortia
1049 3120 1243 3186 declinantes
1256 3120 1438 3185 humanosa

286 3228 501 3291 tantummodo
524 3223 682 3307 refugiant
704 3244 740 3291 ac
761 3227 955 3291 detestentur
976 3228 1129 3307 aspectus.

329 3344 384 3411 XI.
408 3362 607 3411 annuemus:
637 3344 704 3425 Quo
727 3363 799 3429 ergo
821 3346 873 3409 uel
895 3344 984 3410 nobis
1006 3344 1057 3409 uel
1079 3346 1188 3409 ceteris
1203 3343 1258 3427 qni
1273 3342 1407 3408 eiusdem
1525 3373 1526 3426 j

287 3448 470 3532 fragilitatis
493 3452 584 3532 atquo
606 3466 770 3514 mensurae
791 3453 866 3513 sunt
886 3448 1023 3514 remedio
1039 3448 1156 3531 poterit
1171 3448 1339 3523 subueniri,
1353 3446 1406 3528 qui
1525 3547 1526 3550 Ἴ

339 3774 352 3826 1
377 3771 524 3840 studentis
545 3772 575 3827 F
673 3788 703 3828 ao
726 3773 891 3842 fragilitates
905 3771 977 3825 ...2
999 3770 1214 3825 concurrentium
1236 3786 1287 3825 oua
1311 3770 1343 3824 K

285 3857 553 3912 2eustinabunt1f¹
661 3860 728 3929 cnm]
753 3874 814 3912 enm
836 3858 876 3913 Ρ
982 3855 1169 3911 ilcoutluerat
1191 3854 1222 3909 10¹
1248 3855 1407 3911 mearunt

287 3943 310 3998 0
394 3942 494 4011 lpeue
511 3944 624 4000 BORK
711 3944 874 3999 bdedioisse
891 3941 931 3996 Β*
1023 3941 1165 4010 reputo
1250 3940 1404 3995 Seordden

284 4030 312 4084 R
415 4027 602 4083 9herimitica
620 4029 647 4085 R
750 4030 782 4083 11
800 4028 894 4083 dinmo
912 4028 992 4083 BFO
1094 4026 1127 4080 12
1144 4030 1328 4095 perornesoaut
1343 4022 1405 4080 13¹0

283 4113 481 4183 perhorriscant
507 4113 548 4168 K¹
649 4118 676 4168 et
702 4114 772 4171 RK:
804 4116 836 4167 ut
862 4113 943 4168 BFO
1044 4115 1078 4167 14
1103 4112 1223 4167 notabile
1249 4112 1340 4168 BF‘O

285 4200 318 4254 15
335 4202 440 4254 estuent
458 4202 515 4267 (ent
532 4200 630 4254 iares.
649 4203 726 4267 m.2)
745 4199 772 4252 Β
869 4198 901 4255 17
925 4199 1074 4253 solitarium
1091 4196 1125 4252 F
1218 4198 1251 4252 18
1268 4201 1402 4264 utramque

283 4288 360 4353 parta
385 4284 418 4339 Κ
517 4285 552 4339 20
578 4286 810 4354 quemammodum
837 4284 864 4337 B
964 4283 1000 4339 24
1025 4284 1154 4338 uirtutem
1178 4282 1259 4338 BFO
1281 4286 1328 4350 (aar
1348 4282 1401 4334 uir·
1525 4319 1526 4324 κ

283 4370 420 4437 tutum?)=
438 4372 551 4427 uirtutis
568 4372 639 4441 Rite
740 4372 776 4427 25
792 4372 937 4425 mtimaut
954 4370 982 4427 R
1083 4370 1119 4424 28
1135 4370 1221 4438 adque
1238 4369 1267 4425 B
