3092 4967
529 395 693 453 Conistio
717 396 751 462 X,
772 397 850 451 7—8.
1190 397 1253 463 295

130 590 231 653 sutem
259 588 435 653 retiensis
464 588 518 671 qai
546 588 659 669 peritia
688 586 909 670 grammaticae
937 586 1118 670 disciplinae
1150 588 1253 651 minus

129 692 299 757 menuctus
332 698 380 756 est
416 691 467 756 uel
495 691 685 756 rhetoricam
714 690 893 756 facundiam
923 692 975 755 uel
1008 689 1252 772 philosophicam

129 794 293 859 scientiam
316 795 544 877 consequetur?
567 797 754 878 quapropter
777 792 851 858 huic
873 810 994 875 qnoque
1008 793 1251 858 sublimissimae

129 897 317 979 disciplinae,
345 916 399 979 per
428 916 522 980 quam
551 898 739 962 instruimur
766 898 823 961 deo
852 896 970 980 iugiter
997 897 1167 971 inhaerere,
1191 914 1252 961 non

112 1000 236 1066 adubito
258 1001 410 1083 quaedam
432 1000 642 1065 institutionis
657 1001 759 1065 inesse
773 999 969 1075 fundamine,
987 1000 1099 1082 quibus
1113 1000 1252 1081 primum

129 1102 306 1169 firmissime
333 1106 504 1170 conlocatis
533 1107 604 1187 post
631 1104 708 1169 bsec
735 1102 932 1187 superposita
961 1102 1151 1167 extollantur·
1180 1120 1251 1183 per·

129 1208 271 1273 fectionis
299 1208 417 1273 excelsa
443 1208 580 1289 fastigia.
616 1207 704 1271 cuius
733 1206 810 1271 haec
840 1224 904 1271 esse
932 1204 1087 1289 principie
1112 1204 1282 1269 tenuitert

129 1314 329 1395 suspicamur,
358 1316 395 1378 ut
422 1311 558 1395 primum
588 1312 766 1377 nouerimns
796 1329 857 1394 qua
883 1309 1086 1375 meditatione
1109 1310 1252 1373 teneatur

129 1415 177 1479 uel
215 1417 371 1499 cogitetur
405 1415 491 1491 deus,
529 1414 641 1480 deiude
677 1414 759 1480 bauo
794 1416 923 1481 eandem
960 1430 1171 1495 quaecumque
1206 1416 1252 1475 est

101 1518 292 1583 emeterium
315 1517 577 1600 quemadmodum
600 1517 760 1583 ualeamus
777 1516 970 1583 inmobiliter
986 1516 1151 1597 custodire,
1172 1517 1251 1598 quod

130 1620 222 1685 etism
244 1639 307 1685 non
330 1622 521 1705 ambigimus
545 1623 668 1688 culmen
692 1622 791 1687 totius
814 1620 1013 1703 perfectionis
1037 1620 1192 1685 exsistere.
1221 1622 1253 1685 et

129 1724 242 1789 idcireo
272 1728 429 1807 quandam
458 1726 625 1790 memoriae
650 1724 742 1791 buius
765 1725 941 1805 materiam,
965 1744 1027 1807 que
1049 1728 1123 1789 deus
1147 1724 1252 1789 mente

131 1828 323 1909 concipiatur
344 1827 395 1893 uel
418 1832 567 1909 perpetuo
589 1830 741 1905 teneatur,
763 1828 853 1892 nobis
876 1826 1018 1911 cupimus
1035 1827 1251 1901 demonstrari,

130 1936 163 1994 ut
190 1950 259 1995 eam
287 1948 361 2013 prae
388 1931 485 1996 ocube
513 1935 717 2007 retentantes,
747 1950 819 1996 cum
847 1931 967 2013 elapsos
996 1949 1051 1997 nos
1082 1929 1252 1995 abeodem

101 2034 323 2110 ssenserimua
368 2035 538 2101 habeamus
575 2036 607 2099 in
644 2036 792 2117 promptu
830 2052 890 2118 quo
927 2033 1141 2117 resipiscentes
1179 2032 1253 2098 ilico

130 2140 322 2203 reuertemur
349 2156 386 2203 ac
413 2157 568 2203 resumere
600 2138 692 2203 illam
723 2137 791 2202 sine
821 2138 887 2203 ulla
921 2138 1071 2203 circuitus
1106 2154 1192 2202 mora
1221 2138 1253 2201 et

130 2240 336 2322 inquisitionis
370 2241 559 2306 difficultate
595 2242 761 2325 possimus.
806 2240 911 2306 euenit
942 2259 1085 2323 namque,
1116 2246 1151 2303 ut
1181 2246 1284 2310 cumb

130 2346 166 2407 ds
186 2344 314 2409 theoriis
336 2345 532 2426 spiritalibus
555 2345 680 2427 euagati
704 2348 742 2411 sd
766 2348 888 2409 nosmet
910 2346 992 2427 ipsos
1008 2344 1097 2409 uelut
1112 2346 1149 2407 de
1164 2344 1252 2408 letali

131 2464 232 2527 sopore
259 2448 473 2513 conuertimur
496 2451 528 2512 et
549 2449 711 2531 tamquam
734 2447 943 2531 expergefacti
970 2446 1134 2513 materiam
1157 2464 1252 2529 quae-

101 2548 232 2628 snmus,
273 2569 334 2633 qna
372 2551 462 2616 iliam
506 2570 586 2634 quae
621 2552 733 2617 obrute
770 2554 820 2617 est
857 2551 1033 2634 spiritalem
1070 2549 1252 2614 memoriam

130 2654 314 2719 resuscitare
357 2654 521 2736 pessimus,
566 2655 717 2719 retardati
760 2652 858 2736 ipsius
902 2653 1113 2737 inquisitionis
1157 2669 1251 2731 mors,

130 2755 305 2837 priusquam
336 2756 547 2840 repperiamus
570 2776 649 2835 eam,
672 2774 692 2821 a
716 2763 821 2822 nostro
850 2762 963 2823 conatu
997 2759 1110 2822 iterum
1145 2754 1252 2821 deuol-

132 2875 248 2938 nsmur,
277 2864 310 2924 et
331 2863 501 2942 antequam
522 2861 673 2942 spiritalis
694 2862 822 2943 quidam
850 2863 988 2944 pariatur
1011 2859 1154 2936 intuitus,
1178 2859 1251 2923 cc'u-

132 2965 218 3044 cepte
243 2964 344 3027 cordis
374 2968 542 3029 euanescat
574 2964 720 3029 intentio.
762 2983 856 3048 quam
891 2964 1102 3031 contusionem
1137 2962 1252 3027 ideirco

102 3065 215 3129 anobis
247 3067 385 3131 accidere
417 3066 495 3132 satis
528 3070 647 3132 certum
678 3071 735 3146 est,
765 3069 840 3152 quia
868 3067 999 3150 speciale
1028 3064 1147 3149 aliquid
1179 3083 1252 3147 prae

132 3168 226 3233 oeulis
257 3169 453 3252 propositum
486 3171 576 3235 uelut
608 3171 775 3235 formulam
809 3173 964 3253 quandem
1001 3170 1156 3234 stabiliter
1190 3186 1252 3231 uon

132 3272 277 3352 tenemus,
300 3272 341 3339 ad
363 3292 457 3357 qusm
479 3273 578 3357 possit
604 3292 704 3356 uagus
729 3274 852 3339 animus
875 3280 946 3357 post
962 3275 1078 3338 multos
1093 3272 1251 3336 anfractus

182 3542 261 3597 lbis
282 3543 351 3601 D¹O
455 3531 619 3615 gramaticae
643 3544 670 3599 V
777 3546 915 3600 brothor.
938 3544 1028 3601 DPX
1055 3542 1185 3599 setoso

133 3626 277 3683 fecundism
296 3632 340 3684 nel
359 3630 572 3701 philosophicam
590 3647 642 3685 om.
662 3630 685 3687 0
770 3632 895 3701 pbilosci.
913 3632 944 3687 D
1046 3630 1063 3685 3
1081 3628 1252 3697 consequitur

134 3711 172 3766 D'
268 3716 471 3773 textnllsntur
493 3717 527 3772 V¹
629 3719 727 3788 tique]
745 3736 771 3789 q;
790 3718 831 3773 D¹
936 3717 969 3772 10
990 3716 1127 3772 custudire
1148 3714 1184 3771 V¹

134 3799 165 3853 11
183 3800 402 3871 ambiguimusO
492 3803 582 3857 tutius
603 3804 639 3859 V*
725 3807 838 3859 existere
854 3803 940 3860 DOP
1033 3803 1066 3858 13
1083 3801 1252 3870 concepiatnr

134 3882 173 3937 D¹
199 3887 344 3957 macipitur
365 3889 418 3946 ΟΧ
514 3888 595 3945 nubis
613 3889 651 3944 1⁷¹
755 3891 787 3944 15
805 3894 932 3959 promptu
949 3889 980 3944 D
1009 3891 1117 3957 promtu
1135 3904 1187 3957 quo
1204 3903 1252 3957 pro

139 3967 162 4023 0
238 3974 424 4043 resipiscentes
441 3974 568 4031 1>on=
597 3975 767 4044 respicientes
783 3974 827 4029 Vo
915 3975 947 4028 17
965 3974 1043 4029 uenit
1060 3972 1101 4027 D*
1129 3976 1157 4027 et
1174 3973 1253 4027 uenit

139 4051 162 4107 0
255 4060 288 4113 18
309 4059 387 4115 uelut
407 4060 499 4115 letalis
522 4076 601 4129 opere
622 4061 648 4114 V
750 4061 783 4115 19
806 4060 984 4114 consistimus
1006 4058 1041 4113 V¹
1144 4058 1179 4112 20
1199 4072 1252 4126 qus

136 4141 224 4195 Μ
322 4145 352 4200 21
378 4161 517 4215 possumus
543 4144 577 4201 0¹
680 4145 715 4199 22
736 4146 899 4215 reperiamus
919 4145 950 4199 X
1052 4159 1135 4199 eom.
1153 4142 1183 4197 D

137 4221 169 4275 23
185 4224 292 4283 intuitae
313 4230 349 4285 V¹
450 4232 487 4286 24
503 4233 642 4287 euenisset
658 4231 700 4287 D¹
804 4232 838 4285 25
856 4230 976 4285 accedere
999 4230 1051 4285 VP
1152 4229 1186 4283 26
1204 4244 1250 4297 po-

138 4324 254 4385 titumO
354 4332 388 4385 27
406 4324 541 4389 anfracto}
558 4334 588 4388 D
