3092 4967
519 488 683 542 Conlatio
706 487 778 554 XVI,
796 486 906 542 23-26.
1212 485 1276 552 459

149 675 231 740 inter
257 676 342 740 uiros
371 675 511 742 eiusdem
538 675 669 742 uirtutis
703 683 796 760 atque
828 675 987 761 propositi.
1026 675 1124 740 eundi
1158 676 1274 741 etenim

147 797 271 842 necasse
304 783 352 843 est
385 797 455 844 eam
487 795 683 862 quocumque
715 782 867 864 tempore,
904 779 1102 863 quantalibet
1129 779 1274 844 cautione

145 881 242 946 fuerit
264 884 304 947 ab
326 883 424 946 altaro
450 883 616 948 custodita.

187 999 287 1067 XXV.
312 1017 509 1067 cnaunnvs:
537 1003 574 1067 ln
596 1021 657 1085 quo
680 1019 753 1085 ergo
768 1001 937 1067 laudabilis
951 1001 1079 1083 perlecti
1096 1002 1157 1066 uiri
1172 1003 1274 1084 potest

121 1123 209 1169 sesae
232 1105 396 1186 patientia,
418 1106 446 1169 si
467 1105 600 1170 tolerare
623 1124 684 1169 non
708 1106 795 1172 ualet
817 1123 938 1188 semper
960 1104 1144 1170 infirmum?

183 1223 303 1290 XXVI.
327 1242 462 1291 rossem:
493 1225 560 1291 Nec
587 1244 642 1310 ego
674 1227 738 1292 dixi
768 1228 848 1309 quod
872 1225 958 1292 illius
981 1226 1033 1307 qui
1056 1227 1145 1290 fortis
1169 1227 1217 1289 est
1238 1245 1273 1291 ac

142 1329 291 1394 robustus
319 1330 421 1394 uirtus
448 1329 676 1413 tolerantiaque
704 1331 860 1396 uincenda
887 1329 938 1412 sit,
969 1327 1023 1393 sed
1052 1328 1132 1411 quod
1155 1326 1273 1393 infirmi

140 1432 281 1513 pessima
313 1432 454 1498 ualitudo
487 1433 574 1499 illius
608 1433 662 1516 qui
695 1451 790 1499 sanus
824 1437 869 1498 est
899 1431 1124 1498 sustentatione
1154 1433 1272 1495 nutrita

140 1535 238 1616 atque
267 1535 297 1598 in
328 1535 464 1599 deterius
492 1535 604 1601 cotidie
630 1537 795 1619 prolabens
817 1535 1003 1620 generatura
1025 1535 1067 1599 sit
1090 1551 1209 1610 causas,
1233 1537 1272 1600 ob

105 1656 218 1720 equas
242 1636 294 1700 uel
316 1639 381 1720 ipse
405 1638 491 1703 ultra
512 1657 573 1703 non
596 1637 708 1704 debeat
730 1640 879 1704 sustineri
902 1637 955 1703 uel
978 1641 1060 1702 certe
1088 1637 1271 1721 patientiam

135 1741 275 1824 proximi
297 1741 405 1805 notam
429 1760 465 1806 ac
488 1742 747 1807 deformationem
770 1743 976 1826 inpatientiae
998 1760 1073 1806 suae
1096 1759 1162 1805 esse
1186 1741 1270 1805 coni-

136 1846 225 1909 ciens
259 1845 345 1909 abire
378 1847 558 1929 quandoque
596 1847 687 1911 malit
722 1865 815 1930 quam
850 1865 973 1930 semper
1007 1845 1270 1928 magnanimitate

133 1948 272 2013 alterius
302 1947 459 2012 sustineri.
497 1947 575 2013 haec
596 1967 669 2032 ergo
691 1947 729 2013 ab
755 1949 815 2034 his,
842 1951 895 2034 qui
917 1948 1092 2014 sodalitatis
1112 1947 1299 2020 adfectum2

133 2051 271 2134 cupiunt
307 2048 523 2115 inuiolabilcm
568 2052 731 2131 custodire,
779 2071 854 2137 prae
897 2053 1041 2117 omnibus
1078 2053 1270 2118 obseruanda

99 2172 312 2232 recensemus,
335 2155 373 2217 ut
393 2153 533 2236 primum
555 2153 750 2236 quibuslibet
764 2155 892 2221 iniuriis
908 2155 1074 2220 lacessitus
1091 2171 1152 2218 non
1168 2153 1269 2219 solum

132 2256 231 2333 labia,
264 2256 319 2320 sed
349 2255 443 2321 etiam
473 2257 627 2338 profunda
655 2260 787 2339 pectoris
818 2260 866 2322 sui
897 2257 1069 2323 monachus
1100 2257 1270 2340 tranquilla

131 2360 314 2425 custodiat:
339 2377 417 2440 quae
439 2362 545 2424 tamen
568 2360 595 2424 si
619 2361 753 2425 senserit
776 2361 826 2424 uel
849 2361 989 2426 tenuiter
1011 2359 1107 2426 fuisse
1131 2360 1266 2442 turbata,

128 2465 219 2529 omni
244 2465 345 2527 semet
367 2463 469 2545 ipsum
493 2461 711 2529 taciturnitate
734 2463 892 2529 contineat
914 2466 945 2528 et
972 2462 1054 2528 illud
1076 2465 1155 2546 quod
1179 2461 1267 2527 Psal-

128 2568 230 2632 mista
263 2567 472 2629 conmemorat
501 2565 669 2651 diligenter
699 2566 857 2631 obseruetz
889 2565 1077 2630 turbatus
1107 2583 1205 2645 sum,
1228 2569 1268 2630 ct

91 2689 207 2736 eonon
231 2687 317 2734 sum
339 2667 517 2746 locutus,
542 2671 591 2733 et:
615 2669 713 2736 dixi:
738 2671 959 2735 custodiam
982 2669 1068 2734 uias
1090 2671 1267 2734 measzut

126 2792 205 2839 non
230 2770 461 2852 delinquam
484 2773 522 2836 in
544 2771 690 2858 lingua
712 2793 804 2839 mea.
839 2774 950 2856 posui
967 2775 1023 2838 ori
1040 2790 1120 2838 meo
1137 2773 1266 2837 custo·

124 2878 258 2958 diam,
292 2875 381 2938 dnm
414 2871 603 2940 consistit
636 2878 828 2960 peccator
861 2877 1070 2941 aduersum
1100 2894 1166 2938 mc.
1205 2877 1265 2941 ob·

123 2977 281 3056 mutui,
316 2985 353 3042 et
382 2977 625 3043 humiliatus
663 2999 761 3058 sum,
797 2979 834 3044 et
867 2979 964 3044 silui
1000 2997 1018 3043 a
1048 2978 1177 3062 bonis,
1210 2995 1266 3042 noc

122 3081 333 3166 praesentem
363 3083 557 3147 considerans
591 3083 711 3148 statum
743 3102 780 3149 ea
813 3083 950 3165 proferat
983 3101 1061 3166 quae
1092 3083 1131 3146 ad
1156 3082 1265 3146 horam

86 3186 335 3254 ssturbulentus
358 3187 500 3270 suggerit
521 3186 607 3251 furor
630 3187 789 3269 dictatque
812 3187 935 3251 animus
951 3189 1121 3268 asperatus,
1141 3185 1197 3249 sed
1213 3182 1264 3248 uel

120 3291 251 3355 recolat
285 3289 421 3372 gratiam
452 3289 638 3371 praeteritae
672 3289 815 3353 caritatis
850 3289 901 3354 uel
935 3288 1149 3354 reformandae
1178 3288 1263 3368 pacis

120 3391 430 3475 redintegrationem
468 3395 572 3456 mente
609 3391 780 3475 prospiciat
822 3410 952 3474 eamque
989 3392 1079 3457 uelut
1116 3389 1263 3454 continuo

119 3512 329 3562 reuersuram
361 3495 455 3559 etiam
486 3496 518 3558 in
547 3496 614 3577 ipso
638 3497 841 3560 conmotionis
864 3499 1003 3578 tempore
1025 3493 1261 3576 contempletur.

119 3601 271 3681 dumque
301 3617 335 3662 se
364 3599 403 3662 ad
433 3597 627 3664 dulcedinem
658 3602 795 3662 reseruat
826 3600 1005 3664 concordiae
1035 3615 1105 3662 mox
1127 3595 1292 3674 futuraa3

237 3800 271 3854 19
292 3799 336 3853 Ps.
355 3801 431 3865 76,5
534 3800 776 3866 corseas-s

175 3993 192 4046 1
221 3990 309 4058 uiros]
332 3991 410 4043 utros
432 3990 462 4041 Σ
563 3989 632 4045 tab
650 3991 735 4044 altero
754 4006 805 4044 om.
822 3989 851 4042 Σ
953 3990 1127 4059 tprceualct
1144 3986 1192 4044 lic

114 4081 134 4134 6
152 4095 189 4134 ac
200 4076 335 4130 robustus
353 4090 405 4129 osc.
423 4075 464 4127 Σ*
549 4077 567 4130 8
583 4076 711 4142 ualetudo
728 4075 839 4128 Σ1ἸΟΙ
927 4077 943 4130 9
962 4077 1027 4130 cett.
1045 4079 1071 4130 Y
1156 4075 1189 4129 10
1202 4075 1261 4144 ipsa

114 4165 147 4220 Σ
246 4161 278 4215 11
292 4175 348 4214 esse
361 4159 451 4215 oum)
535 4174 696 4230 cognosceus
709 4161 764 4215 ΤΟ
851 4161 883 4216 1a
895 4162 1133 4230 magn-animitate
1145 4163 1166 4227 (i
1178 4165 1258 4226 eruc.)

114 4253 147 4304 Π
263 4246 295 4299 11
313 4248 410 4299 umen
424 4258 475 4300 ota.
492 4249 519 4298 Ῥ
618 4247 653 4301 18
673 4247 804 4315 ο1]ιι11’
903 4245 938 4300 22
955 4247 1111 4302 consisterit
1127 4245 1167 4298 13¹
1197 4262 1259 4301 oon·

114 4337 240 4392 sisteret
262 4332 357 4387 H²l¹o¹
454 4333 612 4387 mucnmue
634 4333 665 4385 Π
765 4335 898 4387 ommutui
920 4333 948 4386 Σ
1050 4335 1085 4388 23
1107 4344 1139 4388 ne
1162 4333 1191 4386 Π

113 4426 153 4479 25
173 4423 309 4488 dicatque
325 4418 386 4471 ΣΟ
487 4419 520 4472 li
538 4420 695 4488 prospiciat]
715 4420 849 4488 concipiat
866 4421 892 4472 l’
