3092 4967
332 490 395 557 338
647 530 651 539 .
716 484 883 542 Iohannis
907 484 1066 541 cassiani

333 696 378 757 ea,
416 682 468 746 sed
505 696 544 742 ue
580 678 736 744 nominari
772 676 900 761 quidem
932 678 965 741 iu
998 674 1087 743 nobis
1124 673 1237 741 debere
1272 673 1439 757 pronuntiet
1515 663 1516 670 '

335 781 572 863 iornioutio,
594 780 745 863 inquiens,
769 782 807 845 et
827 778 953 845 omnis
975 777 1221 845 inmunditia
1242 776 1438 842 antenori-

334 884 392 949 tia
428 901 497 949 neo
533 882 757 949 nominetur
792 884 833 947 in
870 884 998 964 uobis,
1037 882 1105 948 aut
1140 880 1349 965 turpitudo
1380 881 1439 943 aut

335 984 633 1070 stultiloquium
655 987 722 1051 aut
743 985 991 1068 scurrilitas,
1006 1002 1103 1068 quae
1125 986 1172 1050 ad
1189 1000 1440 1064 remuonper·

334 1089 475 1155 tinent.
513 1106 591 1172 qnae
624 1088 718 1154 etiam
752 1090 821 1169 puri
849 1088 941 1153 modo
967 1088 1140 1171 peruioiosa
1174 1106 1242 1153 esse
1270 1089 1303 1152 et
1330 1084 1466 1173 aequalis

305 1192 389 1257 3uos
418 1210 437 1255 a
464 1210 560 1275 regne
588 1190 638 1257 dei
672 1190 845 1256 exclusione
874 1191 1029 1273 depellere
1063 1192 1170 1257 edooet
1197 1191 1318 1257 disens:
1348 1184 1441 1253 illud

334 1296 462 1360 autem
483 1295 643 1377 soitote,
672 1296 768 1378 quod
799 1295 926 1359 omnis
953 1293 1177 1359 fornicator
1206 1294 1277 1358 aut
1303 1292 1440 1357 inmun·

335 1398 405 1464 dus
433 1400 501 1463 ant
530 1414 684 1476 auarus,
712 1396 813 1479 quod
840 1395 1122 1462 estidolorum
1154 1396 1351 1473 seruitus,
1378 1412 1441 1459 non

337 1500 453 1567 habet
480 1499 752 1566 hereditatem
785 1499 823 1566 iu
852 1516 970 1584 regno
1000 1497 1153 1565 Christi
1181 1500 1219 1564 et
1246 1498 1324 1579 dei,
1346 1500 1376 1563 st
1395 1498 1441 1561 ite·

336 1622 420 1670 rum:
454 1603 579 1668 nolite
612 1590 757 1668 errare:
788 1619 913 1685 neque
940 1601 1153 1667 iorniearii
1184 1620 1308 1685 neque
1333 1599 1466 1666 idolisro

335 1706 556 1771 seruientes
595 1722 719 1787 neque
766 1703 943 1770 adulteri
986 1722 1108 1788 neque
1149 1703 1294 1769 molles
1336 1720 1440 1785 neque

336 1806 598 1873 maseulorum
620 1805 904 1873 ooneubitores
926 1826 1056 1890 neque
1078 1806 1186 1873 iures
1208 1806 1441 1889 nequeauari

336 1929 461 1995 neque
492 1910 639 1976 ebriosi
667 1928 790 1993 neque
818 1909 1005 1976 maledici
1032 1927 1157 1991 neque
1183 1926 1347 1994 repaees
1372 1926 1441 1992 reg·

337 2032 425 2079 num
454 2014 518 2079 dei
545 2012 818 2096 possidebunt.
856 2010 987 2078 dubium
1018 2012 1147 2095 proinde
1179 2030 1247 2077 esse
1275 2030 1337 2078 non
1364 2010 1442 2076 delet

337 2115 552 2182 iomioationis
575 2118 606 2180 et
627 2114 836 2181 inmunditiae
857 2115 896 2181 de
916 2114 1066 2181 membris
1089 2115 1205 2180 nostris
1228 2114 1348 2180 aboleri
1367 2131 1466 2199 pumen

337 2219 526 2304 ooutagium,
568 2218 816 2303 qnandoquidem
851 2236 913 2283 non
950 2218 1044 2283 aliter
1078 2235 1116 2283 ea
1151 2236 1246 2301 quam
1283 2218 1440 2294 auaritiam,

326 2323 579 2406 stultiloquium,
623 2321 858 2400 scurrilitatem,
895 2322 1080 2387 ebrietatem
1116 2338 1153 2387 ae
1188 2320 1282 2400 turta,
1327 2336 1441 2403 quorun

337 2426 439 2493 faoilis
461 2425 635 2509 amputatio
658 2428 715 2505 est,
738 2425 936 2491 mandauerit
957 2424 1153 2493 abeoidendu.

378 2544 456 2612 IIII.
486 2545 595 2613 Certos
623 2548 729 2612 tumen
757 2565 905 2613 essenos
933 2547 1088 2626 eonuenit,
1118 2547 1210 2629 quod,
1237 2546 1315 2613 lieet
1335 2564 1441 2613 omnen

337 2651 545 2717 eontineutiue
573 2651 812 2735 dietriotionem
840 2650 958 2717 famem
985 2650 1108 2717 seiliuet
1135 2668 1172 2716 au
1200 2652 1305 2731 sitem,
1330 2649 1466 2735 uigilias

338 2770 459 2836 qnoque
480 2756 513 2820 et
527 2752 629 2835 operis
643 2755 809 2837 iugitatem
823 2756 919 2837 atque
936 2754 1123 2820 iueessebile
1137 2753 1304 2820 subeamus
1317 2754 1443 2820 studium

338 2854 490 2930 lectionis,
535 2859 717 2939 perpetuam
753 2860 860 2923 tamen
896 2856 1099 2923 eastimoniae
1142 2859 1313 2941 puritatem
1347 2857 1442 2922 horum

337 2958 479 3023 laborum
511 2960 622 3025 merito
655 2959 833 3044 euntingere
866 2978 1064 3044 nequeamus,
1097 2960 1161 3025 nisi
1193 2961 1227 3026 in
1258 2960 1310 3026 luis
1343 2960 1442 3043 iugiter

338 3060 523 3127 desudantes
552 3062 757 3145 experientiae
786 3062 968 3146 magisterio
999 3065 1165 3130 doeeamm
1197 3062 1441 3147 incorruptionem

309 3164 404 3230 teins
425 3165 549 3231 diuinae
571 3166 689 3249 gratiae
710 3166 857 3251 largitate
878 3166 1016 3232 oenoedi.
1049 3167 1089 3231 eb
1103 3166 1161 3232 hoo
1174 3184 1253 3232 eane
1266 3162 1470 3233 solumnodoa

338 3285 372 3333 se
392 3269 602 3351 unusquisque
623 3268 861 3352 infatigabiliter
883 3270 915 3334 in
929 3269 978 3335 luis
993 3268 1151 3335 exeruitiis
1164 3268 1333 3353 perdurare
1346 3266 1441 3332 debere

339 3376 512 3457 cognoseat,
542 3376 579 3438 ut
606 3390 661 3455 por
688 3372 816 3439 illorum
837 3372 1051 3440 addiotionem
1078 3373 1323 3439 miserimrdiam
1342 3366 1445 3438 donini

340 3480 524 3543 eonseeutus
566 3480 605 3543 de
646 3477 871 3563 inpugnatione
914 3479 1018 3544 earnis
1054 3497 1090 3543 ae
1125 3477 1336 3545 dominatione
1368 3493 1446 3562 prae·

441 3696 675 3768 repunt-4
776 3698 906 3757 dicad
1008 3700 1298 3767 remonte-10

393 3904 456 3957 led
472 3902 503 3956 Π
585 3904 684 3960 dium.
703 3906 790 3960 omnis
807 3908 834 3959 i·
915 3904 1085 3961 dseurilitas
1101 3905 1134 3959 Π
1215 3908 1333 3976 pertinet
1348 3908 1390 3961 ro
1515 3897 1516 3932 ³

339 3988 488 4044 emenus
509 3989 550 4042 11¹
577 3990 655 4046 essee
677 3992 704 4043 r
801 3988 987 4047 reornantur
1002 3990 1044 4044 rr¹
1147 3992 1181 4048 ro
1197 3992 1326 4048 formae
1341 3992 1392 4046 ro
1515 3977 1516 3990 ¹

341 4074 374 4128 12
390 4074 498 4129 masool.
514 4074 545 4127 Π
629 4077 663 4131 13
679 4092 764 4147 neque
776 4076 876 4132 ebriosi
893 4092 944 4132 om.
962 4074 1030 4130 2112
1056 4083 1086 4133 at
1098 4078 1135 4144 of.
1145 4076 1226 4144 infra
1236 4079 1392 4133 sbrieutenr

340 4174 425 4230 neque
441 4160 554 4216 maledei
572 4176 656 4231 neque
671 4162 789 4217 hebriosi
812 4160 839 4216 0
924 4162 957 4217 1‘1
983 4164 1161 4219 numilitatem
1185 4162 1218 4215 11
1319 4164 1352 4218 18
1373 4160 1446 4215 abati·

341 4246 428 4302 nanda
451 4245 477 4302 Ο
576 4246 613 4303 20
633 4246 753 4304 destriet.
776 4247 832 4302 ΣΟ
932 4248 1013 4304 sitern
1033 4248 1087 4303 m:
1117 4250 1190 4304 sitim
1208 4248 1327 4305 ΣΙΜΟ
1341 4248 1377 4316 es.
1396 4244 1446 4311 m

341 4336 405 4400 2‚1
505 4334 538 4389 dl
556 4334 686 4405 adqusO
786 4336 940 4390 ineessabili
957 4336 987 4388 Σ
1086 4336 1122 4391 24
1138 4336 1338 4409 inoorruptione
1354 4336 1392 4389 n*

340 4418 376 4474 25
392 4420 486 4476 donari
503 4419 530 4475 0
630 4422 666 4477 28
682 4424 861 4492 oonseqnntns
878 4419 933 4475 ΤΟ
