3092 4967
516 445 676 503 Genletie
700 446 779 511 xm,
800 448 841 503 12.
1176 450 1238 519 381

108 637 273 714 dicuntur,
306 635 340 701 iri
373 640 421 701 est
450 635 549 701 benus
578 652 615 701 ee
641 636 755 717 melus,
783 638 818 703 in
846 637 982 703 heminis
1012 656 1085 705 nero
1112 638 1240 721 optione

108 740 294 816 nensistere,
327 744 363 805 nt
396 738 496 821 eliget
529 749 622 821 quem
655 744 814 824 sequetur.
850 743 885 807 et
917 740 1030 807 idcirce
1064 746 1170 808 menet
1206 742 1240 807 tn
1271 742 1296 807 8

107 844 240 909 humine
269 842 404 909 liberum
433 860 554 924 semper
583 842 761 920 arbitrium,
790 845 873 926 quet
901 844 1036 927 gretiam
1066 846 1116 911 dei
1142 844 1241 927 pessit

108 944 158 1011 uel
194 946 363 1030 neglegere
395 944 448 1011 uel
481 962 595 1011 emere.
632 962 694 1011 non
723 945 810 1011 enim
842 946 1049 1029 prneeepisset
1080 948 1239 1029 apestolus

88 1048 237 1115 ediusus:
260 1065 342 1113 enm
364 1052 467 1113 metu
489 1049 526 1113 et
541 1050 711 1115 tremere
733 1051 906 1113 uestram
927 1048 1241 1132 seintemopere·

108 1151 227 1232 mini,
253 1149 314 1217 nisi
336 1150 448 1215 suisset
476 1168 545 1217 enm
571 1148 624 1215 usl
645 1150 743 1217 exeeli
765 1170 785 1217 e
806 1150 897 1217 nobis
919 1170 1006 1233 pesse
1028 1152 1080 1217 uel
1103 1151 1238 1235 neglegi.

109 1256 163 1321 seri
195 1275 238 1321 ne
261 1254 421 1321 emersit
440 1274 474 1319 se
495 1252 535 1319 ed
558 1271 633 1335 epus
655 1254 768 1321 selntis
790 1253 897 1321 diuino
918 1255 1032 1321 nuriiie
1053 1272 1116 1321 nen
1136 1272 1239 1338 egere,

109 1358 296 1442 subiungit:
327 1360 420 1423 deus
452 1359 513 1423 est
545 1356 646 1423 enim
675 1359 743 1439 qui
773 1360 960 1439 operetur
988 1359 1027 1425 in
1056 1356 1172 1425 nobis
1201 1358 1241 1423 et

109 1462 225 1529 nelle
256 1464 294 1526 et
325 1460 537 1543 pertinere,
571 1477 635 1542 pre
664 1458 766 1525 bene
798 1460 1017 1527 uoluntate.
1061 1464 1093 1526 et
1125 1461 1241 1529 ideireo

79 1564 317 1633 re'limotheum
338 1582 467 1631 monens
490 1562 587 1647 noli,
609 1563 723 1647 inquit,
751 1564 963 1650 neglegere
983 1563 1155 1650 gretinm
1177 1563 1241 1631 dei

111 1688 215 1754 quse
240 1667 359 1735 estin
382 1671 434 1743 te,
458 1668 490 1732 et
510 1666 641 1733 iterumr
671 1666 716 1733 eb
740 1685 852 1750 quum
873 1687 1024 1735 oensem
1045 1684 1177 1735 monee
1197 1671 1240 1735 ut

111 1772 338 1839 resuseitee
359 1770 530 1856 gretiam
554 1770 616 1837 dei
638 1790 736 1855 quse
760 1776 822 1838 est
842 1772 883 1839 iu
904 1774 950 1838 te.
987 1772 1060 1839 inde
1081 1775 1132 1839 est
1158 1770 1240 1855 qued
1271 1774 1296 1840 9

112 1879 212 1945 etium
244 1874 413 1942 Corinthiis
442 1874 581 1941 scribens
610 1874 754 1941 hortetur
783 1881 816 1941 et
838 1880 1072 1954 conmeantes
1095 1874 1240 1961 indignus

112 2000 147 2047 se
169 1980 278 2067 gretie
299 1978 349 2045 dei
371 1977 572 2045 intruetuesis
595 1978 740 2061 operibus
770 1978 964 2058 exhiberent,
988 1980 1108 2047 disens:
1130 1978 1240 2044 udin·

81 2087 260 2152 suentes
283 2084 413 2148 entem
436 2084 473 2147 et
495 2081 744 2149 obsecremus
766 2082 864 2149 nein
879 2102 1042 2151 neeunm
1064 2082 1241 2168 gretiam

113 2190 175 2255 usi
198 2185 421 2267 reeipietis.
458 2202 553 2269 quem
575 2186 645 2251 sine
666 2184 761 2255 dubie
783 2186 858 2269 quie
878 2186 913 2251 in
935 2203 1069 2252 uernum
1083 2188 1241 2267 receperat

113 2290 238 2373 Simon,
269 2308 330 2355 nen
358 2290 475 2371 prefuit
501 2290 531 2355 ei
558 2291 713 2373 persentio
734 2290 856 2373 gretine
877 2289 1033 2355 entntnris.
1071 2288 1240 2355 nonenim

114 2392 292 2478 preeceptis
315 2392 399 2459 breti
422 2394 508 2459 Petri
530 2394 643 2459 meluit
665 2393 808 2459 oboedire
828 2393 975 2459 ‹lieentisz
997 2391 1239 2475 peonitenti-

115 2516 176 2563 em
207 2515 280 2581 ege
308 2497 351 2564 eb
381 2498 451 2563 hee
480 2496 662 2579 nequitis
689 2501 771 2575 tue,
802 2497 841 2562 et
866 2514 932 2561 ore
952 2499 1062 2563 deum
1084 2494 1118 2559 si
1141 2494 1241 2561 ferte

82 2600 354 2667 eremittntur
381 2600 462 2667 tibi
492 2601 585 2665 hese
611 2599 809 2685 cegitatio
831 2600 964 2665 sordis
986 2598 1058 2665 tui:
1082 2598 1121 2663 in
1144 2596 1241 2661 felte

117 2704 222 2771 enim
277 2703 559 2771 amaritudinis
610 2704 647 2769 et
690 2702 947 2787 obligetiens
1000 2699 1240 2783 iniqnitatis

115 2807 237 2873 uideo
267 2810 304 2872 te
338 2825 429 2875 esse
465 2806 627 2889 preerant
660 2822 732 2889 erge
766 2804 901 2871 heminis
932 2804 1139 2882 uoluntatem,
1168 2804 1242 2885 quie
1254 2806 1298 2874 10

118 2909 252 2975 dieitur:
287 2910 380 2975 deus
424 2926 527 2975 mens
571 2908 848 2975 misericordis
882 2907 970 2975 eius
1005 2908 1243 2989 praeueniet

118 3032 192 3091 me,
214 3014 247 3077 et
267 3030 391 3079 rursum
414 3014 504 3079 deum
528 3014 735 3079 remorantem
755 3014 851 3096 utque
872 3012 994 3079 utiliter
1016 3009 1241 3093 quodammode

85 3116 351 3195 esubsistentem
377 3118 414 3183 ut
435 3119 574 3184 nestrum
597 3117 771 3199 experietur
794 3114 972 3190 arbitrium,
988 3114 1136 3179 noluntas
1150 3128 1242 3194 pree·

119 3220 208 3285 uenit
241 3220 355 3299 nostre,
389 3236 461 3283 enm
494 3218 620 3284 dieitur:
656 3222 693 3283 et
728 3236 835 3283 muns
865 3218 993 3282 oratio
1022 3233 1102 3281 men
1135 3231 1241 3297 pree·

224 3420 331 3475 spus.
349 3422 374 3488 2,
393 3422 426 3477 12
509 3421 563 3475 sl.
583 3436 604 3475 e.
625 3420 656 3477 lt
744 3419 939 3484 wlsinus,
959 3420 992 3473 rt
1079 3419 1109 3472 ll
1130 3416 1245 3471 IITim.

123 3508 182 3571 1,6
275 3508 504 3574 1411cor.6‚1
600 3506 632 3563 18
649 3506 710 3560 Aet.
728 3506 751 3568 8,
770 3506 873 3559 22-23
965 3503 1174 3568 23Ρι.ῡ8,11

121 3592 330 3656 ffiffifflss

175 3785 188 3837 1
216 3797 247 3835 ne
274 3794 308 3835 en
333 3782 361 3835 et
387 3781 415 3831 Σ
516 3780 669 3835 3111οιιιιιι
690 3794 801 3851 semper
816 3780 979 3847 ΠΟφ-Ρω
1008 3794 1110 3847 semper
1128 3777 1242 3835 liberum

125 3868 151 3919 Σ
177 3867 226 3923 lib.
245 3866 340 3923 nrbitr.
359 3868 502 3937 umpert'
594 3866 730 3936 tneelegi
748 3868 777 3919 Σ
874 3866 950 3936 ine]
967 3882 1014 3921 nee
1032 3866 1057 3918 0
1150 3865 1185 3919 10
1202 3865 1244 3920 in·

124 3953 259 4023 quidHO
341 3955 518 4023 integunt
612 3956 644 4009 11
657 3952 831 4009 emmeneeO
924 3953 1176 4020 ltetiemquedt

127 4040 158 4093 13
173 4040 338 4095 eorrinitior
354 4040 385 4093 Π
481 4040 515 4095 14
531 4040 635 4109 gretine
653 4038 708 4093 t'O
805 4038 958 4093 adiumntes
974 4041 1000 4091 P
1097 4039 1129 4093 15
1147 4040 1176 4092 et
1191 4052 1244 4091 erre.

128 4124 151 4177 Ο
252 4126 285 4181 16
307 4125 435 4193 retineret
457 4126 498 4176 Π·
601 4124 632 4179 17
655 4123 773 4194 pmtnit
796 4125 835 4175 Σ·
937 4125 973 4179 18
995 4124 1113 4179 dieentes
1135 4124 1174 4174 Π·

128 4212 158 4265 19
183 4210 311 4280 nequitie]
328 4210 510 4280 *neglegentis
537 4211 565 4261 11
667 4210 701 4265 20
724 4208 809 4265 nortis
827 4210 870 4265 tui
892 4224 944 4267 err.
966 4211 995 4261 Σ
1094 4209 1126 4265 21
1155 4208 1244 4278 etteg.

128 4295 163 4347 11¹
265 4294 299 4349 22
313 4296 441 4353 uolunta
458 4296 496 4349 11Ι
600 4294 663 4365 quis
680 4296 729 4365 qni
744 4295 812 4351 dieis
830 4297 857 4347 Y
955 4295 1122 4351 uoluntatem
1139 4294 1245 4349 miseri·

128 4379 212 4433 cerdis
230 4380 332 4435 demini
350 4379 382 4435 de
399 4395 454 4449 que
470 4380 568 4435 dieitur
585 4397 601 4435 e
703 4381 738 4435 ‘24
755 4396 847 4437 rums
863 4381 894 4433 Π
898 4381 972 4434 1·ου
