3092 4967
516 473 675 529 Conlatio
698 473 772 538 XVI,
794 475 870 529 6-8,
1189 473 1257 560 μῦ

139 681 204 728 non
234 663 395 729 occidet
424 682 538 745 super
572 662 819 728 iracundiam
850 665 972 738 tuam,
1008 664 1054 727 et:
1085 663 1152 743 qui
1185 664 1256 729 ire·

138 768 261 832 scitur
297 765 419 831 lratri
455 783 540 845 suc,
577 785 667 831 reus
702 765 781 831 erit
816 765 982 844 iudicio,
1021 765 1151 831 alterius
1184 785 1257 833 uero

138 869 299 935 dutitiam
321 888 415 952 quam
437 871 573 936 delenire
595 873 649 935 tue
672 871 913 936 mansuetudine
938 869 1067 952 potuisti
1082 871 1258 936 contumaci

137 970 223 1038 corde
260 973 423 1057 despicies.
475 974 583 1040 ecdem
615 992 749 1057 namque
786 974 877 1039 modo
914 975 1071 1056 praecepti
1107 973 1258 1040 dominici

119 1076 401 1158 apreeuaricatione
430 1076 587 1160 plecteris.
632 1080 685 1160 qui
716 1079 800 1142 enim
831 1077 911 1142 dixit
940 1077 1031 1142 irasci
1053 1078 1084 1142 te
1107 1075 1258 1142 aduersus

136 1177 270 1244 alterum
308 1199 369 1247 non
404 1180 525 1257 debere,
563 1181 644 1245 dixit
683 1199 740 1244 nec
775 1181 903 1246 alterius
948 1181 1106 1245 contemni
1144 1179 1257 1244 debere

134 1281 310 1364 tristitiem,
332 1285 405 1367 quia
425 1303 487 1349 non
502 1286 635 1349 interest
649 1285 730 1368 apud
746 1284 839 1349 deum
861 1285 925 1366 qui
943 1303 1069 1350 omnes
1087 1283 1257 1349 homines

135 1387 219 1450 uult
235 1387 365 1452 saluos
379 1386 477 1472 fieri,
493 1391 603 1453 utrum
615 1391 649 1453 te
663 1407 703 1453 an
719 1387 818 1452 alium
834 1389 1011 1470 quempiam
1026 1387 1144 1470 perdes.
1160 1389 1287 1455 unum8

134 1489 288 1571 siqnidem
310 1491 478 1556 cuiuslibet
499 1491 631 1556 interitu
653 1491 683 1556 ei
706 1491 846 1555 nescitur
876 1491 1106 1567 detrimentum,
1128 1489 1256 1555 itidem·

104 1608 192 1673 aque
214 1593 266 1658 illi
289 1596 339 1659 cni
361 1595 502 1660 omnium
523 1595 616 1677 grata
637 1594 769 1678 perditio
795 1595 842 1658 est
864 1613 961 1659 unum
984 1594 1108 1660 luorum
1128 1594 1180 1657 uel
1203 1593 1258 1658 tua

133 1695 183 1760 uel
205 1695 316 1762 fratris
338 1701 440 1764 morte
455 1699 658 1782 conquiritur.
692 1698 953 1781 quemadmodum
968 1698 1126 1780 postremo
1141 1697 1257 1780 poterit

133 1799 183 1864 uel
209 1803 338 1865 tenuem
367 1804 474 1867 contra
502 1802 632 1867 fratrem
660 1801 794 1866 retinere
823 1801 1000 1882 tristitiem,
1028 1803 1081 1884 qui
1103 1819 1137 1866 se
1159 1799 1259 1867 credit

133 1901 258 1982 cotidie,
280 1904 379 1970 immo
400 1905 547 1970 continuo
570 1907 609 1972 ab
632 1904 690 1970 lrcc
714 1904 838 1970 saeculo
859 1905 1091 1987 migraturum?

173 2022 250 2088 VII.
276 2023 365 2090 Sicut
387 2044 459 2111 ergo
482 2027 564 2092 nihil
590 2027 842 2110 praeponendum
865 2031 914 2092 est
937 2027 1073 2104 ceritati,
1096 2025 1141 2091 ita
1163 2023 1261 2089 furori

103 2125 182 2190 renel
211 2129 393 2194 iracundiae
422 2130 503 2195 nihil
535 2133 627 2195 eote
663 2130 817 2196 contrario
854 2130 1112 2214 postponendum.
1158 2129 1261 2194 omnia

131 2247 279 2316 namque,
308 2235 451 2315 quamuis
484 2234 577 2299 utilia
604 2253 639 2300 ac
668 2235 844 2300 necessaria
877 2232 1052 2314 uideantur,
1087 2231 1263 2316 spernenda

131 2339 206 2398 sunt
236 2336 352 2413 umen,
381 2338 418 2402 ut
447 2339 509 2403 irae
542 2337 734 2421 perturbatio
768 2337 935 2415 denitetur,
970 2337 1002 2402 et
1032 2336 1137 2399 omnie
1165 2333 1259 2398 etiam

131 2455 211 2519 qnae
242 2440 394 2521 putantur
421 2443 551 2506 aduersa
579 2439 775 2523 suscipienda
803 2442 895 2523 atque
924 2438 1085 2504 toleranda
1112 2436 1197 2517 sunt,
1223 2436 1261 2500 ut

131 2539 312 2606 dilectionis
341 2543 487 2627 pacisque
517 2544 732 2626 tranquillitas
764 2543 900 2609 inlibata
928 2544 1080 2620 seruetur,
1109 2540 1184 2623 quia
1205 2556 1261 2604 nec

100 2643 178 2708 noire
207 2645 304 2726 atque
332 2646 463 2711 tristitia
489 2647 692 2729 perniciosius
723 2645 888 2730 quicquam
915 2663 970 2744 nec
993 2644 1124 2710 caritate
1146 2641 1260 2708 utilius

130 2748 178 2813 est
199 2749 399 2814 eredendum.

172 2869 269 2936 VIII.
304 2871 386 2937 Nem
419 2873 681 2954 quemadmodum
718 2873 859 2938 munies
897 2871 997 2937 edhuc
1034 2869 1065 2935 et
1097 2867 1262 2934 inbecillos

130 2970 247 3037 iratres
277 2972 316 3039 cb
345 2972 442 3039 uilem
473 2975 689 3059 terrenamque
716 2975 925 3042 substantiam
948 2975 1010 3040 cita
1031 2971 1177 3040 inimicus
1199 2969 1262 3035 bile

130 3074 300 3160 disiungit,
327 3075 375 3142 ita
403 3077 499 3142 etiem
528 3079 612 3142 inter
639 3078 798 3160 spiritales
826 3079 929 3162 gignit
958 3096 1013 3162 pro
1042 3074 1262 3143 intellectuum

99 3176 319 3244 adiuersitate
341 3178 538 3262 discordiam,
564 3199 685 3264 exque
712 3181 895 3269 sinendubic
925 3180 1138 3247 contentiones
1160 3177 1261 3241 rixae·

130 3298 192 3362 que
215 3281 394 3360 uerborum,
417 3300 494 3365 quas
521 3285 677 3366 apostolus
699 3283 840 3368 damnat,
856 3285 1039 3367 plerumque
1056 3279 1260 3364 consurgrmt:

128 3383 213 3450 unde
236 3385 460 3468 consequenter
488 3385 624 3452 diuortia
645 3386 729 3451 inter
754 3385 932 3452 unianimes
955 3387 1068 3453 fratres
1090 3383 1188 3450 hostis
1210 3381 1260 3446 in·

238 3605 256 3658 1
273 3603 323 3660 me.
341 3607 367 3673 e,
384 3605 419 3660 ae
521 3608 537 3660 r
555 3607 571 3662 1
588 3608 658 3662 urm.
675 3608 700 3673 a,
718 3609 737 3662 4
838 3607 872 3663 ee
890 3608 925 3664 er.
943 3607 1003 3662 oar.
1021 3610 1045 3674 a,
1063 3607 1098 3662 ac

183 3812 200 3864 1
221 3811 307 3880 tuam]
325 3815 441 3867 ueeuem
460 3814 625 3869 Tosarene.
643 3814 881 3884 liuhap-Im
974 3817 991 3870 3
1009 3814 1122 3869 delinire
1139 3815 1198 3866 ΣΤ

128 3897 147 3950 4
169 3895 305 3965 dispicias
327 3899 358 3949 Π
459 3900 538 3954 modo
562 3915 679 3970 namque
702 3905 727 3955 ‘l'
827 3903 845 3956 d
868 3903 1009 3957 aduersum
1035 3903 1060 3955 Ο
1163 3901 1180 3954 6
1203 3913 1263 3952 cou-

127 3981 238 4049 temperi
262 3982 294 4033 Π
396 3982 490 4039 debere
508 3988 643 4041 contemni
668 3990 694 4039 ‘l'
796 3990 811 4043 7
835 3991 901 4056 aput
923 3989 982 4041 ΣΟ
1084 3988 1101 4041 9
1119 3983 1262 4040 interitum

128 4067 160 4120 et
176 4067 211 4118 Π
315 4069 350 4124 10
366 4069 415 4124 ille
431 4071 461 4122 Σ
546 4088 628 4125 unam
646 4075 674 4125 Σ
778 4074 812 4129 13
829 4075 895 4128 cott-
912 4077 938 4127 Y
1040 4073 1073 4128 14
1089 4087 1147 4127 ooo
1165 4071 1263 4125 distica·

127 4152 193 4222 preat
211 4153 239 4204 ‘P
341 4154 374 4209 Π
392 4153 525 4210 dinitetur
542 4157 582 4209 Π1
682 4159 776 4229 etiem]
794 4160 866 4214 enim
883 4161 913 4212 II
1016 4158 1051 4213 20
1068 4157 1153 4227 adque
1170 4156 1196 4208 0

127 4237 266 4292 tristifico
283 4235 322 4290 Π1
420 4243 518 4309 pemit.
537 4245 596 4297 ΠΤ
696 4247 730 4300 22
747 4261 805 4301 aon
822 4247 970 4317 disdiapua't
987 4250 1013 4300 'P
1107 4241 1264 4298 inbaocillcs

128 4325 159 4375 Σ
189 4322 328 4380 iabicillos
345 4327 380 4379 qe
408 4329 546 4384 inbecillae
564 4331 687 4402 mmo)
782 4333 816 4387 23
834 4333 888 4387 cito
905 4335 931 4386 Τ
957 4335 1027 4388 citra
1044 4334 1070 4386 0
1098 4331 1153 4385 ulle
1170 4329 1196 4381 0

127 4409 165 4463 27
186 4409 308 4466 diuoreia
324 4413 354 4464 Σ
439 4415 590 4470 unienImoa
607 4417 690 4469 20¹:
717 4419 858 4474 unanimos
875 4420 972 4474 nn¹0²
1058 4419 1149 4472 hostes
1167 4417 1197 4469 Π
